3408 5180
750 585 791 648 83

247 800 374 886 Cynicis
396 823 492 885 quam
520 799 657 865 Luciano
677 799 856 864 tribuamus
878 821 1002 865 necesse
1026 805 1082 866 est.
1107 799 1181 880 Qua
1200 802 1238 866 de
1257 823 1291 866 re

247 919 294 982 illi
334 919 532 1004 potissimum
575 923 678 984 sactae
716 919 835 983 beilum
867 919 1097 985 internecivum
1133 920 1290 985 indictum

246 1043 293 1102 est
304 1039 432 1124 eiusque
444 1039 522 1102 vitia
540 1039 641 1102 multo
657 1036 760 1102 acrius
776 1042 809 1102 et
824 1038 966 1104 acerbius
982 1061 1079 1123 quam
1095 1039 1289 1124 reliquorum

245 1159 512 1244 perstringuntur.
556 1157 694 1244 Cynicus
735 1158 819 1243 apud
854 1158 945 1222 illum
980 1181 1102 1245 semper
1137 1163 1185 1224 est
1219 1181 1289 1224 cm-

245 1279 335 1343 nium
365 1279 559 1364 reliquorum
589 1278 809 1364 spurcissimus
835 1277 871 1341 in
894 1277 1039 1342 convivio
1063 1278 1151 1342 verbi
1175 1300 1287 1355 causa,

246 1399 317 1476 ubi,
341 1402 377 1462 ut
397 1399 464 1482 jam
487 1398 611 1482 saepius
639 1397 851 1475 ostendimus,
882 1396 1005 1461 nemini
1027 1397 1287 1482 philosophorum

246 1521 395 1600 parcitur,
419 1515 600 1582 Alcidamas
623 1515 761 1601 Cynicus
783 1516 880 1602 longe
901 1514 1096 1600 gravissimis
1112 1516 1288 1581 maledictis

246 1640 404 1702 oneratur.
439 1634 464 1722 1)
498 1635 661 1708 Primum,
678 1634 845 1700 invocatus
867 1634 992 1713 irruit‚'
1020 1624 1093 1698 dein
1116 1613 1312 1720 postquam*

246 1756 365 1821 multas
407 1755 568 1820 molestias
612 1755 757 1820 exhibuit
802 1754 863 1839 ipsi
906 1753 1125 1830 Aristaenum,
1172 1776 1288 1820 coenae

245 1874 372 1940 domino
410 1880 443 1940 et
476 1875 625 1940 omnibus
658 1875 811 1953 convivia
846 1874 936 1938 humi
967 1874 1070 1959 jacuit
1104 1875 1288 1940 seminudus

245 2017 405 2080 quumque
421 1996 620 2080 propinasset
638 2017 771 2080 sponsae
787 1994 983 2080 Ἡρακλέους
1003 1995 1189 2081 ἀρχηγέτου,
1213 1999 1285 2081 ἄχρι

245 2116 318 2199 πρὸς
341 2115 378 2180 τὸ
402 2116 559 2202 αἴσχιστον
576 2136 609 2179 se
624 2115 764 2179 denudat
780 2119 812 2179 et
826 2115 957 2178 tandem
972 2115 1053 2180 bene
1068 2119 1164 2199 potus
1175 2138 1287 2181 omnes

245 2236 307 2301 tere
329 2236 385 2321 qui
408 2236 540 2300 ederant
556 2257 597 2299 ne
612 2256 727 2320 sponso
740 2234 867 2319 quidem
879 2238 1009 2320 excepto
1021 2235 1135 2299 baculo
1146 2233 1287 2320 graviter

245 2355 398 2419 vulnerat.
417 2354 440 2440 2)
462 2354 574 2439 Neque
593 2354 671 2419 haec
688 2354 789 2419 solum
810 2355 960 2418 dicuntur
981 2353 1016 2418 in
1036 2354 1284 2437 abjectissimum

245 2475 348 2539 nescio
367 2496 461 2559 quem
482 2471 684 2557 Cynicorum,
704 2473 758 2538 sed
777 2495 817 2536 ne
836 2472 982 2557 princeps
1001 2471 1130 2556 quidem
1142 2472 1286 2537 omnium

246 2594 356 2658 melius
394 2593 493 2658 audit.
528 2592 624 2678 Apud
657 2592 851 2677 reliquarum
883 2596 1039 2658 sectarum
1063 2592 1286 2676 philosophos,

246 2712 404 2798 magistris
434 2713 546 2778 saltem
564 2715 754 2798 parcebatur
777 2713 995 2798 aliquantum,
1031 2711 1189 2796 Diogenes
1212 2735 1286 2777 vcro

245 2854 342 2918 aeque
372 2833 482 2898 acerbe
513 2856 549 2898 ac
573 2856 682 2898 omnes
705 2837 876 2898 sectatores
900 2836 967 2896 tam
990 2831 1067 2896 boni
1089 2854 1187 2916 quam
1210 2831 1286 2894 mali

245 2955 410 3016 tractatur.
444 2951 483 3016 ln
519 2950 889 3037 Vitar11mauctione³)
921 2954 1088 3036 postquam
1126 2949 1285 3034 Diogenes

245 3071 360 3136 insulse
387 3093 479 3136 suum
505 3071 605 3156 ipsius
630 3072 758 3136 modurn
782 3071 912 3136 vivendi
937 3069 1082 3154 depinxit
1104 3073 1137 3134 et
1159 3077 1285 3154 emptu·

244 3192 328 3257 ricus
339 3192 433 3256 anxie
444 3193 651 3259 exclamavit:
665 3191 822 3277 Equidem
840 3213 913 3256 vero
924 3189 1033 3274 flagris
1045 3211 1153 3254 caesus
1164 3210 1285 3273 semper

246 3311 345 3390 doleo,
367 3333 434 3376 non
454 3311 539 3376 enim
553 3333 623 3375 sum
635 3310 796 3394 praeditus
807 3309 967 3374 testudine
980 3308 1107 3390 cancri,
1126 3287 1286 3392 Diogenes

245 3431 408 3515 perinepte
431 3430 597 3515 Euripidei
616 3430 702 3495 illius
724 3430 837 3495 leviter
861 3429 977 3494 mutati
1000 3428 1092 3492 ilium
1112 3428 1285 3493 admonens

245 3550 291 3615 ita
307 3552 397 3618 dicit:
418 3561 438 3636 ἡ
454 3561 533 3637 φρήν
550 3576 596 3619 σοι
614 3552 752 3635 ἀλγήσει,
769 3560 790 3635 η’
805 3552 838 3618 δὲ
856 3551 978 3631 γλῶσσα
995 3553 1080 3616 ἔσται
1098 3548 1283 3632 ἀνάλγητος.

245 3670 331 3736 Idem
355 3670 539 3757 Sinopensis
561 3673 597 3737 iu
616 3673 668 3737 Bis
687 3676 833 3738 accusate
851 3672 877 3757 4)
897 3671 953 3736 ubi
974 3678 994 3753 η’
1014 3669 1283 3757 Ἀργυραμοιβικὴ

334 3973 375 4032 Of.
396 3972 564 4030 Conuiuium
587 3972 691 4048 passim
715 3971 746 4029 C.
773 3973 826 4040 lt,
853 3972 907 4041 13,
934 3973 971 4028 14
997 3989 1057 4047 sqq.

334 4074 410 4132 Ibid.
438 4074 469 4133 Ο.
495 4078 544 4133 44.
565 4095 624 4152 sqq.

336 4177 463 4236 Vitarum
485 4184 558 4236 auct.
583 4178 615 4236 C.
642 4180 675 4236 8.
704 4182 736 4248 9,
766 4180 817 4246 10,
844 4179 892 4236 ll.

289 4282 313 4357 ⁴)
334 4280 385 4338 Bia
406 4287 526 4341 accusat.
549 4282 581 4342 O.
606 4283 655 4341 24.
