3408 5180
805 555 844 621 91

302 772 384 837 tebit
417 775 466 837 ut.
486 794 559 837 cum
598 772 727 837 domino
758 772 797 837 de
831 772 973 838 mercede
1006 773 1227 838 constituenda
1262 795 1348 860 eges.

274 882 276 884 ⁵
302 891 339 956 In
372 893 433 958 hac
451 893 521 977 ipsa
550 914 585 956 re
614 914 647 957 se
674 892 818 958 ostendet
844 891 1004 957 sordidum
1028 893 1107 957 illud
1129 893 1349 958 Romanorum

302 1012 478 1098 ingenium.
500 1011 599 1077 Venis
619 1012 655 1076 in
667 1020 870 1096 conspectum
882 1012 1005 1077 domini
1019 1013 1075 1097 qui
1092 1013 1215 1078 duobus
1230 1013 1349 1078 tribus-

302 1155 340 1198 ve
364 1132 473 1198 amicis
495 1133 714 1217 praesentibus
737 1138 769 1196 te
793 1132 928 1197 assidere
950 1133 1059 1216 jubet,
1083 1136 1153 1196 tum
1178 1132 1349 1217 magnifica

302 1274 419 1337 pompe
439 1253 608 1316 verborum
627 1251 766 1316 declarat
789 1274 821 1316 se
845 1252 926 1316 velle
949 1257 981 1315 te
998 1251 1106 1315 omnia
1121 1250 1167 1315 ita
1182 1251 1350 1316 instituere

303 1376 339 1436 ut
370 1394 493 1456 semper
518 1371 700 1436 communia
728 1371 837 1436 omnia
859 1370 921 1434 sibi
944 1374 1051 1435 tecum
1075 1391 1140 1434 esse
1168 1369 1350 1435 memineris

295 1495 334 1556 'et
349 1491 452 1556 multa
466 1490 590 1555 locutus
607 1491 646 1554 de
670 1494 726 1555 tua
750 1489 968 1555 mediocritate
984 1493 1017 1554 et
1032 1489 1204 1574 frugaliore
1220 1489 1349 1555 vivendi
1410 1467 1412 1472 ,

301 1611 442 1688 ratione,
473 1610 533 1674 tibi
564 1609 626 1694 ipsi
655 1609 750 1675 faciet
780 1609 905 1694 copiam
932 1609 1147 1675 constituendi
1172 1611 1348 1675 mercedem

300 1752 397 1815 quam
428 1752 464 1795 eo
496 1725 738 1794 mederatiorem
762 1751 888 1816 poscere
918 1734 951 1795 te
981 1729 1131 1794 admonet
1157 1751 1221 1814 quo
1244 1730 1349 1814 plures

301 1848 436 1934 singulis
459 1848 553 1912 annis
576 1849 754 1913 occasiones
769 1851 845 1922 sunt
856 1847 918 1912 tibi
933 1869 1029 1931 supra
1045 1853 1174 1932 paetum
1192 1847 1349 1932 largiendi

300 1967 429 2051 aliquid.
456 1966 554 2031 Plane
576 1967 686 2031 haeres
710 1971 745 2030 in
769 1966 986 2050 respondendo
1002 1970 1035 2030 et
1065 1988 1141 2049 prae
1156 1966 1276 2049 pudore
1287 1967 1349 2052 ipsi

203 2142 208 2148 .
300 2087 429 2166 domino
459 2087 620 2170 permittis
650 2091 686 2170 ut
717 2087 889 2152 mercedem
922 2086 1106 2151 constituat.
1135 2085 1226 2162 Quod
1249 2108 1347 2170 quum

250 2278 253 2284 ¹
299 2209 471 2290 pernegat,
491 2206 650 2289 quendam
677 2228 717 2270 cx
731 2205 952 2290 praesentibus
965 2204 1076 2270 amieis
1088 2205 1281 2270 intercedere
1294 2206 1347 2288 ju·
1421 2245 1423 2248 -

299 2325 353 2388 bet
368 2329 400 2396 et
411 2325 513 2390 dicere
528 2325 613 2410 quod
629 2347 732 2410 neque
748 2325 809 2390 sibi
820 2347 919 2409 greve
934 2325 994 2402 sit,
1009 2347 1068 2389 nec
1085 2324 1148 2390 vile
1162 2325 1223 2389 tibi
1237 2347 1347 2410 accep-

298 2448 379 2508 turo
396 2444 428 2508 Is
443 2448 550 2509 eutem
573 2445 682 2509 foedus
698 2445 820 2509 domini
838 2448 1017 2509 assentator
1032 2448 1065 2508 tc
1080 2445 1228 2510 fortunae
1244 2445 1347 2535 filium

299 2584 364 2627 esse
379 2563 496 2627 clamat
511 2586 609 2647 quum
626 2563 828 2628 intromissus
845 2566 887 2628 sis
905 2568 935 2639 ἐς
951 2570 1007 2646 τὴν
1024 2571 1151 2652 πρώτην
1164 2567 1268 2632 οἰκίαν
1282 2557 1346 2651 τῶν

300 2686 333 2748 ἐν
364 2689 403 2767 τῇ
431 2683 599 2766 Ῥωμαίων
630 2685 720 2770 ἀρχῇ.
750 2683 847 2748 Cuius
871 2683 983 2748 domus
1014 2683 1288 2770 magnificentiam
1316 2689 1347 2748 et

298 2803 496 2886 splendorem
516 2825 614 2888 quum
634 2805 781 2869 leudibus
802 2805 1027 2882 cumulaverit,
1045 2806 1192 2889 exiguam
1209 2804 1346 2889 aliquem

298 2924 473 2988 mercedem
493 2923 649 2988 nominat.
675 2901 725 2988 Ex
749 2924 907 3009 angustiis
922 2925 991 3008 jem
1011 2925 1149 3008 amplius
1173 2928 1204 2990 te
1223 2901 1347 3010 ¹eripere

298 3064 363 3138 non
375 3046 482 3126 potes,
496 3042 707 3107 mercenarius
719 3044 821 3108 factus
834 3065 876 3120 es,
886 3047 917 3108 et
925 3065 1025 3127 quum
1033 3043 1120 3108 illam
1130 3045 1345 3128 praedicatam

298 3161 461 3225 fortunam
484 3161 593 3227 statim
613 3183 680 3226 non
700 3162 825 3240 videas,
848 3164 883 3226 in
898 3161 964 3226 dies
977 3184 1083 3246 speras
1098 3165 1208 3228 futura
1223 3185 1347 3248 semper

297 3281 428 3346 meliora
450 3282 535 3360 fore,
559 3282 643 3366 quod
667 3287 779 3347 contra
800 3282 896 3367 longe
919 3303 1007 3346 secus
1030 3287 1087 3347 est.
1111 3282 1164 3346 En
1184 3282 1347 3348 verissime

297 3405 329 3466 et
344 3401 419 3465 vivo
435 3401 539 3466 colore
555 3402 697 3486 depictus
713 3401 932 3466 Romanorum
946 3401 1090 3476 sordidus
1107 3402 1224 3486 agendi
1235 3403 1346 3466 modus

297 3543 369 3584 cum
400 3519 589 3586 «Graeculis
612 3523 861 3588 esurientibus».
887 3523 1061 3607 Postquam
1085 3527 1192 3588 autem
1220 3521 1347 3588 frenum

296 3641 459 3706 servitutis
489 3642 655 3726 recepisti,
682 3642 743 3706 tibi
772 3641 909 3725 amplius
936 3664 1002 3706 non
1025 3617 1102 3708 licet
1124 3642 1165 3706 ab
1188 3642 1264 3707 hero
1292 3649 1346 3706 tuo

295 3759 456 3836 recedere,
489 3782 612 3845 semper
646 3783 717 3824 cum
749 3761 804 3826 illo
838 3767 870 3825 te
896 3761 1037 3845 conspici
1061 3765 1199 3847 oportet,
1231 3765 1267 3824 ut
1293 3760 1347 3825 ille

251 3859 253 3862 ⁵
295 3878 459 3942 ostendere
491 3880 593 3964 possit
621 3903 652 3944 se
679 3901 720 3943 ne
750 3881 784 3944 in
815 3881 867 3943 vie
889 3880 1016 3963 quidem
1049 3903 1157 3946 curem
1181 3880 1347 3944 Musarum

295 3995 468 4082 deponere,
497 4020 601 4086 neque
631 4021 730 4083 quum
762 4000 801 4064 ad
837 4022 948 4064 cenam
979 4001 1164 4078 advoceris,
1197 4023 1233 4066 eo
1256 4000 1347 4066 venis

295 4121 333 4180 ut
369 4122 444 4180 ante
471 4118 663 4195 honoratus,
700 4142 810 4185 verum
834 4141 943 4183 eorum
971 4141 1052 4203 quae
1079 4121 1346 4188 circumferuntur

296 4255 336 4296 ne
359 4233 681 4320 frustulumquidem
705 4237 765 4301 tibi
789 4241 918 4324 gustare
938 4238 1030 4317 licet,
1055 4263 1126 4310 osse
1142 4240 1346 4307 solarodenti
