3408 5180
801 848 911 908 XVIH.

371 1080 445 1146 Luc.
469 1081 539 1165 Iup.
563 1079 718 1164 Tragoed.
743 1078 821 1164 Cap.
846 1080 897 1144 15.

372 1221 409 1286 ‘0
431 1225 489 1304 μὲν
509 1216 564 1286 οὗν
578 1221 687 1305 παρὼν
704 1223 821 1304 καιρός,
838 1213 863 1284 ὦ
880 1222 962 1300 θεολ,
978 1223 1146 1306 μονονουχὶ
1164 1218 1245 1299 λέγει
1262 1225 1368 1302 φωνὴν

327 1362 430 1440 ἀφιεὶς
460 1362 509 1424 ότι
534 1365 597 1426 τῶν
621 1366 836 1446 παρόντων
866 1361 1039 1447 ἐρρωμένως
1063 1359 1272 1444 οἰντιληπτέον
1296 1366 1369 1442 ἡμῖν

330 1503 424 1566 ἔστιν.

372 1638 549 1723 Desumpta
570 1638 648 1703 haec
663 1643 739 1703 sunt
754 1660 793 1704 ex
808 1638 1031 1705 Demosthenis
1047 1639 1151 1724 prima
1167 1636 1369 1722 Olynthium,

330 1801 427 1866 quare
449 1780 534 1865 lege:
559 1786 819 1864 πραγμάτων.

809 2058 888 2119 ΧΙΧ.

376 2313 451 2376 Luc.
476 2311 601 2377 Timon.
626 2310 701 2397 Cap.
726 2313 778 2377 28.

377 2452 456 2517 Ὓπό
480 2451 517 2533 δὴ
541 2457 659 2516 τουτων
683 2455 833 2516 ἁπάντων
858 2450 1071 2533 καταληφθεὶς
1088 2455 1144 2529 τὴν
1164 2450 1271 2531 ψυχὴν
1290 2439 1376 2507 θαυ-

330 2594 421 2671 μάζει
444 2616 477 2654 τε
501 2595 540 2654 τό
564 2592 600 2655 οό
623 2595 792 2673 θαυμαστὰ
816 2594 868 2653 καὶ
893 2589 1032 2675 όρέμεται
1054 2597 1119 2654 τῶν
1136 2592 1281 2668 φευκτῶν
1298 2583 1375 2662 κοὶμὲ
1444 2640 1446 2645 ,

332 2735 386 2796 τόν
416 2738 544 2796 πάντων
576 2731 702 2796 ἐκείνων
730 2731 852 2813 πατέρα
878 2733 957 2814 [τῶν
982 2725 1229 2808 εἷσεληλυδότων
1256 2719 1377 2799 κακῶν]

331 2871 451 2954 τέθηπε
475 2871 740 2957 δορυφορούμενον
763 2871 816 2936 ὑπ’
840 2873 959 2938 αὐτῶν.

376 3009 453 3074 Dele
476 3012 571 3075 verba
594 3032 674 3095 quae
697 3010 822 3075 uncinis
846 3009 972 3077 inclusi.

818 3287 881 3346 XX.

373 3538 449 3603 Luc.
473 3537 555 3603 Adv.
579 3537 700 3602 Ιοόοοό.
726 3536 801 3622 Gap.
827 3538 857 3600 6.

372 3675 411 3738 In
429 3675 504 3741 Asia
519 3677 606 3742 dives
623 3676 737 3762 aliquis
755 3681 786 3741 ἐκ
804 3684 960 3758 συμφορᾶς
976 3678 1170 3757 ἀποτμηθεὶς
1187 3682 1261 3753 τους
1280 3677 1381 3750 πόδας

329 3818 520 3902 ἀμφοτέρους
532 3817 667 3902 ,ligneos
690 3817 750 3880 sibi
774 3816 868 3900 pedes
887 3813 1050 3878 faciendos
1065 3814 1189 3878 curavit
1204 3821 1239 3880 et
1256 3835 1384 3900 semper

328 3952 361 4015 id
385 3955 500 4037 agebat
522 3959 565 4028 ιός
589 3953 765 4027 καλλίστοις
787 3953 963 4033 ὑποδήμασι
989 3951 1201 4033 κεκοσμημένα
1227 3955 1278 4035 εἰἠ
1297 3959 1384 4038 αὐτῷ

330 4094 369 4154 τὰ
391 4091 482 4172 ξύλα,
509 4095 553 4176 [οἱ
577 4092 669 4164 πόδες
693 4093 759 4173 δή].

375 4227 452 4292 Dele
474 4230 570 4294 verba
593 4229 724 4294 inclusa.
