3372 5180
749 559 790 621 35

248 797 342 842 rauco
365 775 520 842 cachinno
544 797 713 840 concussus
728 775 907 840 vanitatem
922 773 1056 838 humaui
1071 774 1169 839 studii
1184 773 1289 838 omnis

248 895 396 963 derideat.
435 893 495 961 nst
532 893 616 978 quod
653 916 726 958 cum
765 893 936 958 Plutarcho
970 893 1148 980 φιλαρχοιίῳ
1178 914 1287 956 aurem

249 1015 398 1100 praebeas
422 1013 493 1077 voci
508 1012 613 1077 subito
630 1012 756 1077 auditae
772 1012 812 1075 ab
828 1012 932 1076 insula
947 1012 1044 1091 Paxo,
1068 1012 1288 1094 Ἀπάγγειλον

251 1136 298 1198 ὅτι
320 1137 394 1199 Πὰν
417 1135 434 1197 ὃ
456 1132 553 1216 μέγας
577 1133 741 1216 τέθνηκεν.
766 1126 792 1217 ¹)

271 1253 333 1317 'In
362 1253 451 1316 illam
478 1253 582 1320 sedem
614 1259 720 1316 autem
751 1251 791 1314 ab
823 1250 957 1335 antiqua
987 1251 1132 1316 doctrina
1156 1273 1290 1316 vacuam

250 1372 391 1436 relictam
414 1371 477 1434 alia
500 1370 657 1434 successit.
682 1368 798 1433 Aetate
809 1368 1134 1435 LucianiOhristiana
1147 1371 1291 1435 doctrina

252 1491 353 1576 magis
365 1490 530 1576 magisque
546 1471 716 1573 assumpsit
728 1489 810 1553 vires
822 1493 854 1552 et
865 1489 1032 1573 paullatim
1045 1494 1221 1575 propagata
1234 1493 1290 1554 est.
1384 1551 1385 1554 ,

250 1611 408 1675 Lucienus
438 1609 505 1693 ipse
534 1613 566 1674 et
597 1608 751 1694 quidquid
775 1613 842 1673 erat
867 1609 1035 1674 hominum
1058 1609 1290 1695 elegantiorum

250 1730 346 1813 probe
375 1729 525 1794 viderunt
552 1728 718 1813 antiquam
752 1727 847 1791 fidem
882 1732 914 1793 et
944 1731 1066 1794 cultum
1097 1729 1228 1794 deorum
1252 1729 1291 1792 ad

250 1849 346 1913 finem
368 1871 555 1934 properare,
589 1847 787 1932 implacabili
822 1853 929 1914 autem
963 1850 1034 1914 odio
1057 1850 1293 1936 impugnabant

250 1966 465 2033 Christianam
478 1967 655 2033 doctrinam
668 1968 738 2052 (τὴν
747 1975 934 2052 θαυμαστὴν
944 1972 1056 2052 σοφίαν
1066 1975 1129 2036 τῶν
1138 1977 1292 2056 Χριστια-

251 2093 327 2168 νῶν,
341 2087 484 2173 (eiusque
495 2089 689 2172 sectatores),
702 2091 756 2153 τὸν
768 2088 869 2170 μέγαν
877 2095 952 2168 γοῦν
966 2094 1085 2157 ἐκεῖνον
1094 2092 1140 2155 ἔτι
1149 2090 1293 2178 σέβοντες

250 2211 304 2273 τὸν
338 2211 511 2291 ἄνθρωπον
546 2209 600 2272 τὸν
625 2209 658 2272 ἐν
682 2217 720 2292 τῇ
744 2207 942 2296 Παλαιστίνῃ
966 2209 1292 2290 ἀνασκολοπισθέντα,

250 2331 297 2392 ὃτι
322 2333 435 2409 καινὴν
458 2331 576 2410 ταύτην
600 2325 726 2409 τελετὴν
750 2332 910 2410 εισήγαγεν
935 2334 965 2404 ἐς
986 2333 1039 2396 τόν
1056 2331 1139 2416 βίον.
1156 2330 1180 2415 ²)
1198 2329 1292 2392 Pere-

251 2447 362 2533 grinus
392 2446 542 2526 Proteus,
577 2447 633 2530 qui
663 2468 696 2511 so
726 2447 888 2512 doetrinae
909 2447 1107 2514 Christianae
1128 2448 1294 2512 addixerat

251 2603 295 2614 -
331 2570 410 2630 nota
450 2587 500 2630 res
537 2571 584 2631 est
621 2606 666 2618 -·
701 2569 873 2653 postquam
911 2568 952 2632 ob
996 2589 1097 2632 novae
1131 2565 1293 2631 doctrinae

251 2686 456 2764 affinitatem,
480 2686 515 2750 in
542 2686 648 2751 vincla
675 2691 756 2752 esset
778 2689 955 2772 conjectus,
976 2685 1150 2752 Christiani
1161 2685 1292 2750 calami-

250 2810 350 2899 tatem
373 2806 440 2871 eius
459 2827 658 2872 communem
686 2828 752 2871 esse
776 2807 856 2889 rati,
881 2806 964 2869 nihil
986 2806 1183 2883 intentatum
1194 2805 1293 2868 relin-
1392 2837 1394 2841 ’

252 2926 393 3009 quebaut
411 2927 500 2991 utin
522 2925 705 2989 libertatern
727 2925 819 2989 illum
841 2925 1056 2990 restituerent.
1081 2924 1146 2989 Ubi
1169 2924 1202 2986 id
1224 2923 1294 2988 fieri
1388 2987 1390 2991 .

252 3068 318 3111 non
350 3045 457 3131 potuit
490 3044 640 3109 omnibus
674 3045 775 3109 modis
809 3045 927 3129 captivi
965 3045 1105 3108 dolorem
1139 3043 1296 3108 consolari

252 3186 388 3250 eumque
399 3165 549 3248 adjuvare
561 3163 749 3241 studebant,
767 3185 843 3226 nam
858 3163 886 3227 si
901 3162 978 3247 quid
992 3162 1058 3226 tale
1072 3161 1132 3226 fiat
1148 3199 1191 3210 --
1207 3160 1296 3224 addit
1358 3187 1378 3211 -·

253 3286 424 3351 acerrimus
445 3284 573 3362 irrisor,
597 3288 706 3348 tamen
739 3287 915 3349 commotus
938 3303 1056 3367 magna
1077 3280 1133 3346 illa
1163 3279 1296 3345 caritate

253 3407 285 3468 et
303 3402 592 3469 condonationibus
607 3441 649 3452 -
669 3403 750 3466 nulli
765 3401 811 3466 rei
822 3405 968 3487 parcunt,
980 3403 1139 3485 ἀφειδοῦσι
1155 3407 1294 3466 πάντων.

254 3523 344 3600 Quod
359 3522 496 3589 minime
517 3526 566 3588 est
588 3522 787 3602 mirandum,
810 3521 935 3606 inquit,
959 3544 1040 3609 nam*
1058 3520 1180 3607 primus
1199 3519 1295 3604 legis·

253 3644 335 3710 lator
357 3644 421 3710 illis
439 3644 597 3730 persuasit
615 3665 724 3710 omnes
736 3664 802 3709 esse
813 3643 950 3708 invicem
962 3642 1092 3722 fratres,
1104 3644 1296 3726 quapropter

256 3897 461 3910 *nn—anna.-

300 4043 323 4121 ¹)
344 4043 421 4104 Plut.
443 4043 479 4102 de
495 4043 605 4104 delectu
628 4041 821 4112 oraculorum,
845 4042 877 4100 O.
903 4043 952 4104 17.
967 4073 1008 4085 -
1025 4039 1220 4107 Hanuannua,
1244 4039 1298 4096 Ge·

258 4148 380 4207 schiehte
400 4153 453 4206 etc.
474 4147 520 4219 II,
543 4166 571 4224 p.
596 4149 667 4205 265.

300 4249 325 4330 ἵ)
350 4252 392 4309 De
415 4256 505 4310 morte
528 4249 676 4328 Peregrini.
695 4249 727 4306 C.
752 4249 801 4306 ll.
