3408 5180
792 582 855 647 113

301 800 374 864 telis
405 799 586 880 vulnerari,
621 800 676 885 qui
709 800 790 864 serio
824 800 990 884 perhibere
1023 803 1147 886 possint
1180 825 1212 868 se
1242 825 1347 889 nugas

301 919 378 984 istas
401 923 433 984 et
463 919 651 1005 quisquilias
681 923 736 987 cdv
766 927 897 1006 καμάτῳ
921 943 1089 1001 consuere,
1119 923 1303 1007 praesertim
1327 945 1346 986 a

301 1044 370 1104 tam
398 1041 501 1106 faceto
531 1043 662 1126 tamque
696 1044 788 1106 acuto
820 1041 973 1124 scriptore
1000 1042 1103 1127 qualis
1126 1041 1244 1107 Noster
1266 1042 1347 1120 fuit,

299 1160 377 1224 laeti
398 1160 571 1244 accipimus
593 1165 625 1225 et
647 1160 784 1225 libenter
807 1162 847 1226 ob
870 1184 941 1225 eam
964 1161 1112 1226 festivam
1129 1162 1347 1246 ineptissimae

298 1281 344 1344 rei
367 1279 532 1363 parodiam
551 1280 771 1344 condonamus
794 1280 915 1365 aliquid
938 1281 1043 1366 siquid
1064 1280 1099 1344 in
1115 1257 1223 1346 eodem
1239 1281 1345 1347 libello

297 1423 410 1486 parum
433 1401 581 1468 decorum
604 1401 640 1468 in
663 1423 803 1468 summos
825 1402 1028 1488 philosophos
1051 1402 1177 1469 dixerit.

341 1699 375 1765 Si
397 1699 507 1784 paucis
531 1699 636 1766 verbis
659 1679 784 1784 tempus
807 1720 870 1783 quo
893 1697 1054 1764 Lucianus
1078 1698 1159 1763 vixit
1190 1698 1344 1783 complec-
1383 1699 1385 1702 ’

296 1817 413 1897 bimur,
444 1822 477 1883 et
506 1819 615 1882 omnia
645 1841 726 1903 quae
752 1817 812 1882 hoc
834 1805 1006 1901 specimine
1028 1818 1235 1882 continentur
1256 1819 1345 1883 brevi

295 1938 331 2003 in
354 1942 523 2025 conspectu
545 1939 693 2024 ponimus
716 1938 766 2004 vel
789 1938 849 2002 hoc
871 1939 941 2002 sine
964 1939 1177 2004 controversia
1205 1939 1345 2023 proferre

296 2058 465 2144 audemus,
496 2059 605 2126 omnia
635 2059 700 2124 fere
729 2059 936 2144 degenerasse
966 2064 998 2124 et
1028 2060 1200 2144 depravata
1232 2081 1297 2124 esse
1327 2082 1346 2122 a

288 2179 431 2263 pristina
454 2179 622 2265 dignitate.
646 2179 710 2244 Res
732 2201 837 2244 sacrae
853 2183 949 2264 atque
965 2180 1109 2258 divinae,
1125 2179 1344 2264 philosophia,

296 2301 495 2385 eloquentia,
526 2302 603 2384 boni
635 2323 737 2366 mores
768 2301 876 2365 omnia
907 2301 1044 2386 denique
1075 2305 1168 2366 erant
1196 2301 1232 2364 in
1255 2300 1344 2384 peius

296 2419 420 2480 mutata
443 2421 539 2502 atque
563 2422 728 2502 corrupta,
753 2425 784 2482 et
812 2439 931 2503 magna
954 2419 1002 2482 ris
1027 2418 1129 2498 morbi
1142 2420 1342 2486 velutitabes

296 2536 361 2600 fere
383 2536 491 2600 omnia
513 2537 683 2616 invaserat,
703 2560 770 2601 non
790 2539 875 2602 color
895 2541 1025 2622 vegetus
1037 2538 1072 2601 in
1080 2539 1183 2618 vultu,
1195 2542 1342 2606 verumis

295 2655 424 2718 habitus
436 2656 499 2718 oris
510 2658 548 2719 ut
555 2657 623 2740 jam
636 2677 675 2720 ex
686 2655 783 2720 oculis
796 2656 932 2720 eluceret
940 2655 1125 2739 depravatio
1133 2660 1164 2720 et
1171 2657 1239 2724 lues
1246 2681 1343 2743 quam

294 2777 400 2839 totum
430 2796 543 2860 corpus
573 2780 784 2841 contraxerat.
817 2775 892 2841 Non
921 2773 1092 2840 Caesarum
1124 2778 1343 2845 munificentia

295 2892 331 2956 in
361 2914 455 2957 snum
486 2893 627 2959 debitum
658 2896 814 2982 honorem
841 2901 938 2982 atque
964 2898 1125 2981 integram
1150 2899 1343 2982 dignitatem
1442 2987 1444 2998 ⁴

296 3011 463 3076 scientiam
482 3015 578 3097 atque
590 3014 772 3098 disciplinas
784 3015 949 3080 restituere
964 3020 1079 3099 potest,
1092 3039 1158 3080 non
1171 3019 1315 3084 mercede
1327 3045 1344 3086 e

296 3131 371 3196 fisco
393 3130 541 3196 docentes
564 3133 744 3218 philosophi
764 3138 860 3219 atque
879 3136 1023 3199 rhetores
1039 3136 1141 3199 animi
1156 3136 1345 3224 ingeniique

297 3249 417 3314 cultum
437 3272 552 3336 angere
567 3252 686 3331 valent,
702 3253 839 3336 speciem
854 3257 983 3322 tantum
999 3259 1164 3319 externam
1180 3256 1347 3325 doctrinae

297 3370 408 3435 afferre
441 3376 591 3456 possunt,
626 3373 893 3457 quemadmodum
926 3374 1054 3460 ineptus
1086 3375 1141 3441 ille
1170 3377 1346 3443 homuncio

297 3489 331 3553 in
366 3490 530 3574 splendida
563 3497 659 3576 atque
692 3494 772 3557 ben'e
802 3493 959 3559 instructa
990 3495 1183 3562 bibliotheca
1213 3496 1346 3577 sedens,

297 3628 416 3670 vanam
433 3607 594 3674 doctrinae
614 3611 860 3676 ostentationem
880 3614 1091 3698 praesefert,
1112 3636 1222 3680 revera
1235 3619 1345 3680 autem

296 3730 486 3804 ἀπαίδευτος
517 3734 549 3795 ei
575 3736 623 3796 est
646 3737 679 3797 et
700 3738 810 3798 manet
832 3735 978 3818 quamvis
999 3735 1164 3820 ingentem
1187 3736 1343 3803 librorum

296 3851 421 3934 copiam
432 3849 494 3914 sibi
507 3856 668 3935 comparet
679 3857 716 3916 ut
728 3853 811 3936 apud
823 3853 866 3917 M.
880 3854 1080 3919 Antoninum
1092 3855 1258 3921 literarum
1270 3880 1341 3923 mu-

297 3967 573 4034 nificentissimum
592 3970 750 4035 fautorem
770 3972 908 4055 gratiam
918 3972 1016 4036 ineat.
1030 3976 1054 4059 l)
1073 3973 1341 4061 Inpoesiquoque

341 4182 363 4260 ¹)
397 4185 439 4244 ef.
473 4182 548 4263 πρὸς
583 4183 636 4245 τὸν
671 4180 865 4246 ἀπαίδευτον
891 4185 944 4244 κτὲ
966 4189 1069 4265 passim
1093 4196 1120 4246 et
1142 4191 1340 4267 praefationem

297 4290 380 4348 huius
403 4285 493 4347 libelli
515 4290 589 4367 apud
612 4291 838 4350 Sommuhlruonu
860 4289 920 4364 III,
945 4312 972 4370 p.
999 4295 1069 4352 116.

1175 4409 1190 4451 s
