3408 5180
785 563 825 628 77

279 781 483 866 philosophos
513 782 569 866 qui
600 781 752 866 adscripti
782 785 887 847 essent
922 781 1102 846 Aristotelis
1125 785 1237 847 sectae.
1262 781 1322 846 Or-

278 902 403 965 diamur
426 902 467 965 ab
491 922 526 965 eo
551 901 617 967 loco
651 900 687 965 in
710 901 910 966 Hermotimo
934 901 990 965 ubi
1022 903 1051 966 oi
1074 904 1320 985 Περιπατητικοὶ

280 1020 489 1104 designantur
518 1010 610 1104 quasi
636 1020 839 1100 φιλόπλουτοι
863 1024 916 1085 καὶ
941 1025 1085 1105 ε’ριοτικοὶ
1110 1023 1151 1108 1),
1175 1023 1260 1106 quod
1282 1023 1323 1086 ah

280 1161 317 1203 eo
330 1139 398 1222 ipso
414 1143 483 1204 loco
499 1138 631 1224 profecti
647 1140 767 1224 optime
779 1141 924 1224 judicare
940 1142 978 1205 de
994 1140 1124 1225 reliquis
1139 1162 1322 1234 possumus3

279 1257 359 1321 illud
382 1259 467 1322 enim
483 1257 589 1342 ipsum
606 1262 751 1344 ε’ριοτικοὶ
768 1259 885 1343 passim
903 1259 1040 1324 occurrit
1055 1259 1090 1323 in
1115 1259 1318 1324 ‹Eunucho›

281 1376 336 1440 ubi
348 1377 394 1440 nil
406 1377 491 1442 aliud
502 1378 565 1443 nisi
578 1379 613 1442 τὸ
626 1379 845 1462 φιλοπλουτεῖν
856 1401 951 1461 causa
963 1383 1011 1445 esi
1019 1388 1072 1463 τῆς
1081 1379 1180 1466 ἴριδος
1187 1379 1324 1460 ‚etenim

280 1495 315 1561 in
338 1518 374 1560 eo
397 1496 503 1561 libello
526 1499 620 1562 nobis
649 1503 872 1586 proponuntur
900 1501 962 1564 duo
992 1500 1172 1585 philosophi
1194 1500 1324 1583 Peripa-

280 1615 368 1680 tetici
385 1616 471 1682 inter
494 1639 527 1682 se
541 1618 684 1684 rixantes
699 1622 768 1705 περὶ
784 1629 839 1688 τοῦ
856 1623 975 1705 θρόνον
993 1624 1025 1685 et
1040 1623 1109 1707 περὶ
1126 1625 1190 1688 τῶν
1206 1622 1324 1706 μυρίων

281 1741 361 1802 κατὰ
395 1725 461 1805 τὸν
485 1740 632 1807 ἐνιαυτόν
655 1742 699 1827 2),
733 1742 818 1826 quod
852 1748 921 1806 erat
953 1744 990 1805 ut
1013 1762 1108 1824 supra
1130 1740 1326 1804 ostendimus
1424 1747 1426 1750 ’

281 1846 433 1923 salarium
455 1859 496 1924 ab
518 1860 710 1943 imperatore
738 1883 765 1936 ,e
781 1860 856 1924 fisco
879 1859 1074 1945 philosophis
1097 1859 1325 1938 constitutum

281 2000 345 2063 qua
368 1979 403 2043 in
427 1978 658 2063 disceptatione
681 1980 763 2044 alter
785 1979 878 2044 alteri
891 1979 1002 2064 objicit
1012 1978 1097 2064 quod
1112 1978 1265 2063 indignus
1279 1982 1327 2042 est

281 2097 336 2181 qui
363 2119 494 2162 munere
516 2097 685 2184 fungatur,
709 2100 827 2184 quippe
850 2099 905 2184 qui
927 2101 1084 2163 castratus
1107 2097 1157 2161 sit.
1182 2097 1226 2161 Et
1248 2097 1326 2161 illud

281 2217 363 2281 idem
377 2221 528 2302 ἐριστικὸν
537 2222 574 2282 ut
582 2218 694 2283 melius
702 2222 855 2304 appareat
861 2217 995 2282 fortasse
1004 2216 1189 2282 Cleodemus
1197 2216 1232 2281 in
1242 2189 1326 2280 Gon·-

282 2335 368 2400 vivio
387 2338 413 2422 3)
435 2341 502 2401 tam
524 2338 729 2403 vehementer
744 2337 908 2402 invehitur
921 2336 957 2400 in
972 2335 1132 2421 principes
1147 2333 1326 2400 Stoicorum
1345 2385 1347 2390 .

287 2462 319 2520 et
340 2456 445 2522 rixam
468 2459 564 2524 efficit
586 2463 654 2523 tam
676 2480 808 2544 gravem
830 2462 867 2522 nt
889 2440 1020 2522 taudem
1043 2457 1110 2542 ipse
1133 2478 1267 2541 sponsus
1287 2456 1328 2520 ab

281 2575 376 2639 ebriis
399 2575 594 2662 philosophis
617 2579 708 2662 gravi
732 2578 863 2642 vulnere
885 2577 1047 2642 afficiatur.
1073 2576 1163 2653 Quod
1183 2578 1223 2642 ad
1239 2576 1328 2660 φιλο-

282 2694 427 2763 πλουτεῖν
451 2696 585 2775 attinet,
609 2698 676 2761 eius
699 2697 746 2761 rei
765 2719 890 2782 quoque
905 2697 941 2760 in
958 2696 1115 2761 Eunucho
1132 2696 1328 2761 mentionem

281 2815 399 2879 iactam
432 2815 615 2880 invenimus
649 2815 734 2880 hisce
769 2816 889 2880 verbis:
914 2818 967 2881 καὶ
998 2821 1060 2900 μὴν
1092 2818 1144 2881 καὶ
1169 2820 1204 2881 τὸ
1228 2816 1328 2901 δόγμα

282 2937 375 3000 τοῦτό
389 2936 425 3014 yi
443 2940 507 3002 ἐστι
523 2945 588 3011 τοῖς,
599 2943 873 3021 Περιπατητικοῖς,
886 2942 921 3002 τὸ
935 2942 977 3020 μὴ
989 2939 1109 3023 σφόδρα
1121 2949 1328 3025 καταφρονεῖν

285 3064 465 3142 χρημάτων,
496 3056 578 3123 ἀλλὰ
601 3059 707 3142 τρίτον
739 3084 768 3123 τι
790 3057 918 3137 ἀγαθὸν
953 3061 1006 3122 καὶ
1041 3067 1132 3126 τοῦτο
1155 3059 1279 3125 οἴεσθαι
1303 3057 1328 3146 ⁴)

284 3175 513 3260 Peripateticus
543 3178 599 3262 qui
628 3177 664 3241 in
696 3177 844 3242 Vitamm
876 3178 1023 3243 auctione
1053 3167 1178 3244 venalis
1206 3183 1330 3263 prostat

331 3621 354 3701 ¹)
376 3623 538 3686 Hermotim
559 3627 591 3686 0.
617 3627 666 3686 le.

329 3727 353 3805 ⁹)
374 3730 494 3789 Eunuch
518 3730 551 3791 O.
575 3733 603 3790 3.

327 3833 351 3912 Β)
373 3834 544 3894 convivium
567 3833 599 3894 Ο.
624 3837 673 3894 30.

325 3937 351 4015 4)
373 3937 493 3996 Eunuch
523 3936 555 3996 Ο.
580 3939 608 3996 3.
632 3937 733 3996 etde
761 3937 845 3995 tertio
869 3937 918 3995 illo
936 3938 1028 3997 bono:
1053 3937 1111 3998 Vit.
1134 3946 1208 4000 auct.
1232 3941 1263 4000 0.
1289 3945 1326 4000 26

286 4041 356 4127 τρία
387 4034 468 4106 εἶναι
499 4039 639 4119 τάγαθὰ,
672 4041 706 4106 ἓν
736 4046 835 4125 ψυχῇ,
866 4042 1055 4123 ἐνσώματι,
1080 4044 1114 4106 ἐν
1142 4047 1207 4115 τοῖς
1230 4045 1328 4118 ἐκτός.

287 4152 329 4210 of.
353 4151 440 4207 Zeller
463 4150 506 4220 ΙΙ,
533 4138 564 4207 2³
586 4169 613 4226 p.
639 4152 710 4209 616.
734 4150 793 4209 Cic.
816 4151 852 4207 dc
881 4150 945 4208 Fin.
968 4151 1025 4221 IV,
1059 4152 1105 4207 18.
1130 4151 1327 4222 Scuwnonm,

287 4253 452 4312 Gcschichte
474 4253 523 4310 der
545 4251 742 4312 Griechischen
767 4251 960 4330 Philosophia,
984 4273 1011 4331 p.
1036 4255 1107 4316 237.
