3408 5180
873 589 936 653 114

386 809 518 872 eandem
555 808 818 892 ¹depravationem
857 807 1033 884 cernimus,
1073 807 1154 870 male
1176 810 1257 872 teste
1280 806 1430 874 Juvenali

386 929 497 1011 poetae
528 925 726 1004 esuriebant,
758 925 821 989 nisi
851 925 1024 989 venderent
1050 924 1156 988 mimis
1178 929 1326 1009 poemata
1349 927 1376 1013 1)
1400 932 1432 991 et

388 1070 512 1111 summa
543 1068 635 1124 cura,
663 1051 700 1110 ut
726 1045 844 1138 Seneca
870 1045 1026 1123 affirmat,
1049 1045 1253 1108 laborabatur
1279 1068 1319 1110 ne
1342 1048 1432 1131 cujus

387 1169 466 1232 libet
487 1166 679 1250 pantomimi
703 1187 819 1229 nomen
844 1165 1046 1230 intercideret
1058 1165 1098 1250 2),
1122 1164 1199 1249 quin
1212 1165 1349 1228 saltandi
1365 1169 1432 1230 arte

388 1285 649 1369 exprimebantur
671 1284 780 1348 onmia
803 1306 883 1368 quae
903 1287 997 1349 antea
1016 1284 1171 1369 poematis
1190 1289 1222 1348 et
1236 1284 1432 1349 carminibus

387 1407 568 1481 ederentur;
579 1428 681 1490 neque
690 1405 722 1469 id
731 1405 821 1470 satis:
833 1405 977 1483 mimum,
986 1408 1023 1468 ut
1030 1404 1188 1476 Lucienus
1196 1405 1296 1483 docet,
1307 1409 1432 1489 oportet

388 1549 454 1591 esse
478 1527 713 1612 philosophum,
737 1525 943 1604 historicum,
974 1548 1047 1594 eum
1079 1525 1213 1609 denique
1242 1526 1293 1590 cui
1323 1509 1448 1590 onmia¹

388 1645 557 1730 diligenter
569 1644 734 1709 ediscenda
747 1643 812 1708 sint
824 1644 864 1708 ab
878 1643 1000 1729 origine
1013 1643 1125 1707 mundi
1138 1666 1236 1728 usque
1248 1644 1288 1707 ad
1300 1642 1431 1730 Cleopa-

388 1770 456 1830 trae
480 1770 625 1832 mortem.
648 1767 673 1851 3)
707 1765 755 1828 Ea
788 1769 873 1842 arte,
897 1764 947 1828 cui
974 1768 1069 1828 antea
1092 1785 1186 1828 nemo
1209 1763 1273 1828 fere
1303 1787 1432 1848 operam

388 1883 523 1948 dedisset
545 1879 668 1948 sobrius
692 1883 754 1948 nisi
777 1883 857 1947 forte
872 1882 1046 1961 insaniret,
1067 1905 1153 1962 nunc
1165 1884 1300 1967 exprimi
1312 1884 1433 1948 solebat

388 2011 409 2086 η’
431 2003 627 2088 Ἀφροδίτης
658 2007 711 2067 καὶ
734 2003 854 2087 ’Ἄρεος
880 2003 1004 2088 μοιχεία
1028 2002 1126 2065 immo
1143 2023 1216 2066 vero
1231 2001 1434 2087 Pythagorae

389 2122 590 2208 philosophia
601 2123 637 2210 4).
662 2123 773 2208 Neque
797 2145 872 2187 vero
894 2131 915 2206 ἡ
936 2125 1100 2209 ὀρχηστικῄ
1128 2122 1230 2186 solum
1258 2122 1433 2186 inertium

391 2263 590 2326 summopere
602 2242 805 2307 colendarum
830 2265 994 2307 numerum
1021 2244 1121 2306 relata
1142 2247 1198 2321 est,
1215 2241 1433 2329 η’παρασιτίκηΙ

391 2384 517 2446 quoque
539 2384 596 2446 pro
621 2369 688 2426 arte
703 2362 881 2426 habebatur
892 2361 981 2426 cuius
993 2361 1151 2427 Lucienus
1163 2368 1330 2447 praecepta
1342 2363 1434 2427 nobis

389 2481 523 2545 tradidit
557 2483 615 2546 sub
646 2504 779 2566 persona
810 2482 1019 2565 ineptissimi,
1051 2481 1145 2545 simul
1172 2487 1204 2546 et
1228 2483 1433 2566 abjectissimi

389 2599 519 2684 parasiti
534 2600 589 2684 qui
606 2623 638 2664 se
649 2600 734 2664 haud
747 2601 852 2664 minus
865 2605 932 2664 arte
943 2623 999 2664 sua
1012 2601 1144 2684 gloriari
1155 2601 1322 2686 profitetur
1337 2625 1432 2687 quam

390 2718 517 2782 Phidias
537 2723 643 2783 statua
655 2719 676 2784 J
677 2720 744 2784 ovis
757 2720 921 2804 Olympiae
933 2719 1036 2803 posita
1048 2721 1084 2805 ⁵),
1104 2743 1236 2804 eamque
1249 2725 1285 2784 ut
1296 2721 1433 2806 reliquas

390 2841 474 2900 artes
507 2837 554 2900 ita
593 2838 705 2902 definit
742 2840 837 2926 τέχνη
862 2843 945 2907 ἐστὶν
983 2844 1118 2925 σύστημα
1155 2846 1187 2906 ἐκ
1222 2841 1431 2926 καταλήψεων
1460 2925 1466 2934 ἱ

337 3004 339 3008 -
391 2957 709 3040 συγγεγυμνασμένων
734 2964 816 3043 πρός,
832 2986 862 3024 τι
886 2961 973 3035 τέλος
998 2966 1164 3047 εὔχρηστον
1180 2969 1244 3028 τῶν
1262 2967 1295 3029 ἐν
1312 2971 1355 3047 τῷ
1372 2963 1431 3050 βίῳ

391 3077 548 3161 simulque
585 3078 676 3142 docet
714 3101 854 3144 summos
893 3080 928 3143 in
959 3081 1092 3166 antiqua
1128 3079 1258 3146 Graecia
1289 3082 1433 3146 homines

389 3197 473 3262 hanc
498 3201 599 3262 artem
624 3197 754 3264 coluisse
777 3203 809 3264 et
832 3199 867 3264 in
892 3200 1011 3265 honore
1035 3199 1183 3264 habuisse
1206 3201 1243 3288 6).
1267 3201 1432 3270 Praeclara

482 3656 547 3714 Juv.
576 3653 642 3714 VII.
670 3659 718 3720 87.
1394 3743 1396 3747 Ι

482 3759 578 3818 Senes.
607 3760 673 3819 Nat.
699 3759 814 3835 Quaest.
838 3759 911 3830 VII,
938 3763 986 3819 32.
1021 3761 1062 3820 of.
1097 3761 1172 3820 soll.
1203 3763 1231 3833 Ι,
1268 3763 1382 3820 Aulsata
1406 3767 1434 3821 8.

482 3867 523 3927 of.
547 3867 610 3927 Lib.
634 3865 702 3945 περὶ
726 3863 875 3947 ὀρχήσεως
898 3871 1019 3947 passim,
1044 3871 1075 3931 O.
1100 3876 1156 3942 38,
1183 3875 1232 3931 39.

436 3959 460 4043 ¹¹)
483 3970 557 4031 lbid.
589 3973 620 4030 Ο.
651 3976 701 4032 63.
732 3972 764 4031 C.
795 3977 843 4036 70.
878 3973 919 4033 Cf.
944 3975 1104 4033 Athenaeus
1127 3976 1317 4053 Deipnosoph.
1342 3977 1370 4046 I,
1396 3980 1432 4034 36

434 4073 465 4129 in
488 4074 552 4133 line.

438 4178 460 4256 ⁵)
482 4179 560 4260 Περὶ
586 4179 777 4264 παρασίτου,
801 4190 831 4246 O.
857 4193 884 4246 4.

435 4277 459 4359 ⁶)
483 4286 523 4345 ef.
547 4287 622 4346 isid.
646 4289 677 4348 c.
704 4293 753 4349 aa.
777 4294 807 4350 o.
833 4295 882 4350 rs.
960 4343 962 4346 ,
