3372 5180
873 563 914 628 14

375 781 493 848 τίκτειν
518 782 682 864 δυνάμεθα
706 778 768 856 οἷος
790 783 808 847 ό
829 782 1007 864 Ἥφαιστός
1030 788 1125 850 ἐστιν.
1150 783 1201 847 Ad
1220 784 1304 868 quod
1324 785 1410 848 Juno

374 901 516 966 Latonae
538 902 653 965 liberos
678 901 812 965 Dianam
827 906 868 965 et
896 902 1077 986 Apollinem
1105 910 1217 969 onerat
1238 907 1412 972 maledictis

375 1022 463 1085 illam
487 1021 677 1104 Scytharum
700 1019 1012 1091 instar-,homiuibus
1029 991 1111 1086 vesci
1127 1025 1310 1107 perhibens,
1326 1024 1412 1090 hunc

372 1145 405 1216 ὃς
429 1149 641 1227 προσποιεῖται
669 1147 776 1208 πάντα
800 1141 916 1206 είδίναι
934 1144 987 1205 καί
1004 1143 1141 1217 τοξεύειν
1165 1146 1216 1207 καί
1235 1146 1410 1230 κιθαρίζειν

372 1267 424 1327 καί
444 1267 546 1345 ιάτρός
563 1258 643 1328 εἶναι
657 1265 708 1326 καί
721 1266 931 1343 μαντεύεσθαι
945 1269 1213 1346 καταστησάμενος
1227 1269 1410 1350 ἐργαστήρια

373 1392 426 1466 τῆς
449 1389 600 1466 μαντικῆς
623 1381 821 1445 consulentes
843 1381 989 1444 frustrari
1011 1383 1193 1467 objurgans,
1217 1384 1334 1466 quippe
1356 1383 1412 1467 qui

372 1503 500 1586 obliqua
536 1507 568 1566 et
602 1503 754 1588 ambigua
787 1504 974 1587 respondeat
1003 1510 1045 1579 ὠς
1076 1503 1247 1572 ἀκίνδυνον
1273 1499 1410 1571 εἶναιτὸ

373 1624 507 1708 σιγάλμα.
540 1625 607 1689 Νσο
637 1624 884 1708 praetereundus
914 1630 960 1688 est
990 1624 1152 1709 dialogus,
1179 1624 1318 1688 decimus
1341 1647 1410 1708 sep-

372 1745 471 1808 timus
501 1744 556 1808 ubi
587 1744 707 1807 mentio
736 1744 774 1806 fit
803 1744 841 1806 de
871 1743 1042 1808 concubitu
1071 1743 1183 1807 Martis
1213 1746 1245 1806 et
1267 1744 1411 1808 Veneris.

373 1864 523 1930 Conferat
553 1864 633 1928 mihi
663 1864 777 1948 aliquis
808 1857 921 1947 spurca
950 1865 1006 1927 illa
1040 1868 1072 1927 et
1101 1866 1235 1929 obscena
1258 1866 1412 1930 vocabula

371 2006 442 2048 cum
485 1983 548 2046 illis
589 1982 780 2045 hexametris
818 1981 994 2046 Homericis
1028 1983 1062 2046 in
1097 1983 1178 2047 libro
1213 1989 1323 2048 octavo
1357 1993 1411 2067 τῆς

371 2103 554 2179 Ὀδυσσείας
584 2102 640 2166 ubi
671 2104 780 2166 eadem
810 2102 915 2186 lepida
945 2106 977 2166 et
1007 2101 1119 2166 festiva
1157 2103 1361 2188 simplicitate
1392 2127 1411 2166 a

373 2245 497 2287 summo
521 2228 613 2306 pocta
637 2227 818 2286 narrantur.
843 2222 946 2307 Apud¹
963 2224 1136 2288 Homerum
1159 2230 1305 2314 ἄσβεστος
1331 2225 1359 2291 δ’
1372 2227 1412 2310 ἆῤ

371 2349 485 2431 ἐνῶρτο
517 2344 612 2424 γε’λως·
641 2352 810 2431 μακάρεσσι
840 2354 959 2413 θεοῖσιν
990 2346 1045 2408 ubi
1075 2325 1185 2421 v'ident
1214 2346 1350 2410 Martem
1379 2350 1411 2411 et

370 2464 528 2529 Venerem
552 2467 797 2530 concumbentes
820 2465 956 2530 vinculis
979 2466 1117 2532 Vulcani
1133 2468 1319 2533 constrictos
1334 2491 1409 2545 esse,

370 2585 423 2648 sed
465 2586 541 2669 quid
585 2585 772 2669 deprehensi
813 2585 849 2648 in
880 2585 1033 2649 adulterio
1063 2585 1124 2668 ipsi
1161 2586 1260 2649 oculis
1282 2587 1410 2650 cachin-

370 2705 519 2769 nantium
554 2704 685 2768 deorum
720 2705 854 2788 expositi
888 2704 1021 2769 fecerint
1054 2708 1110 2770 aut
1143 2703 1282 2768 dixerint
1316 2709 1410 2788 poeta
1492 2709 1497 2713 ’

370 2826 514 2890 consulto
538 2847 578 2888 ue
597 2826 692 2889 verbo
717 2825 845 2908 quidem
862 2829 980 2888 narrat.
999 2826 1092 2908 Apud
1105 2824 1282 2889 Lucianum
1298 2830 1408 2890 contra

371 2948 437 3012 ἐπεὶ
464 2949 497 3011 ἐν
511 2948 591 3032 ἔργῳ
615 2943 693 3028 ἦσαν
718 2947 749 3006 et
772 2943 917 3026 deprensi
940 2947 1048 3019 eraut,
1073 2943 1182 3008 Venus
1209 2983 1247 2992 -
1273 2949 1325 3010 καὶ
1349 2949 1407 3032 γὰρ

371 3069 460 3152 ἔτυχε
483 3071 584 3148 γυμνὴ
609 3061 685 3132 οὖσα
710 3064 949 3148 (sateredimus
973 3062 1186 3127 etiamsinon
1211 3063 1409 3140 affirmasset)

370 3189 425 3254 οὐκ
457 3181 538 3272 εἶχεν
567 3189 649 3261 ὅπως
680 3186 894 3270 ἐγκαλύψαιτο
916 3186 1106 3270 αἰδουμένη,
1137 3188 1155 3250 ό
1185 3185 1218 3250 δὲ
1242 3185 1345 3271 Ἀρῆς
1369 3189 1409 3250 τὰ

369 3311 426 3390 μὲν
450 3311 559 3392 πρῶτα
583 3306 747 3388 διαφυγεῖν
771 3310 913 3392 ἐπειρᾶτο
931 3309 983 3370 καλ
999 3304 1108 3388 ἤλπιζε
1125 3305 1227 3388 ῥήξειν
1244 3307 1283 3368 τὰ
1300 3306 1407 3388 δεσμὰ,

370 3431 480 3494 ἔπειτα
503 3428 536 3493 δὲ
560 3431 662 3502 συνείς
687 3432 720 3493 ἐν
744 3429 871 3514 οίφύκτῳ
897 3430 1041 3513 ἐχόμενον
1066 3427 1178 3491 ἑαυτὸν
1204 3425 1353 3504 ἱκέτευεν,
1378 3430 1409 3488 et

371 3548 448 3632 quid
471 3555 561 3624 tum,
583 3547 708 3632 quaerit
731 3546 847 3630 Apollo
871 3567 910 3609 ex
933 3545 1087 3608 Mercurio
1111 3543 1187 3628 quid
1203 3548 1273 3607 tum
1288 3544 1408 3608 factum

371 3673 434 3747 est,
460 3667 637 3732 absolvitne
659 3689 711 3730 eos
739 3666 909 3730 Vulcanus.
934 3664 985 3728 Ad
1008 3665 1093 3749 quod
1116 3663 1410 3729 Mercurius:Non-

371 3787 464 3865 dum,
491 3787 544 3850 sed
567 3786 624 3850 ubi
645 3785 696 3848 dci
718 3785 753 3848 iu
776 3807 876 3848 unum
899 3787 1117 3849 convenerunt
1139 3783 1186 3846 illi
1210 3784 1305 3846 ambo
1328 3782 1408 3846 nudi

371 3912 455 3971 κάτω
481 3911 656 3980 νενευκότες
679 3906 895 3988 ξυνδεδεμένοι
920 3909 1083 3990 ἐρυθριῶσι
1144 3951 1148 3957 -

415 4025 524 4109 Lippis
554 4031 650 4111 atque
679 4025 860 4089 tonsoribus
890 4023 925 4086 iu
957 4023 1091 4107 antiqua
1126 4021 1256 4086 Graecia
1294 4024 1406 4110 notum

372 4147 440 4208 erat
469 4143 647 4208 Minervam
678 4165 718 4208 ex
745 4143 844 4228 ipsius
870 4141 959 4206 lovis
981 4141 1084 4224 capite
1106 4130 1302 4224 procreatam
1325 4161 1407 4216 esse,

371 4263 528 4351 aequiores
558 4265 671 4330 addere
701 4269 733 4328 et
763 4263 923 4348 adfingere
954 4262 1099 4326 solebant
1121 4264 1216 4345 cupiit
1238 4260 1341 4339 lovis,
1370 4262 1407 4323 ut
