3372 5180
880 515 921 582 20

377 739 460 805 ἀλλὰ
481 745 522 824 μὴ
545 739 728 824 ἀριστίνδην
751 739 777 826 ¹)
795 739 945 820 collocat,
970 739 991 806 i.
1013 763 1039 804 e.
1063 743 1100 804 ut
1125 739 1153 804 is
1175 738 1289 803 habeat
1315 738 1420 803 sedem

376 858 532 942 priorem,
552 857 608 942 qui
627 857 668 922 ab
689 856 864 922 artificibus
875 856 1025 921 humanis
1037 855 1230 940 splendidior
1241 855 1422 920 elaboratus

377 977 436 1041 sit:
457 996 486 1040 r.
508 997 535 1040 c.
554 974 728 1040 Mercurius
751 974 792 1040 ad
823 973 1010 1059 Neptunum
1029 973 1077 1038 ita
1099 973 1190 1038 dicit:
1216 972 1298 1039 ἀλλὰ
1315 977 1346 1039 σὲ
1361 977 1420 1057 μὲν

377 1089 402 1161 ὦ
427 1097 613 1174 ἐννοσίγαιε,
645 1091 781 1180 χαλκοῦν
803 1096 821 1157 ό
842 1099 1007 1166 Λύσιππος
1035 1094 1088 1156 καὶ
1116 1092 1238 1175 πένητα
1265 1093 1420 1175 ἐποίησιν.

375 1213 458 1277 Rixa
486 1217 659 1296 utcumque
689 1212 796 1276 sedata
828 1215 860 1275 et
892 1212 1017 1275 silentio
1046 1211 1196 1296 imposito
1218 1211 1422 1276 turbulentae

378 1328 524 1395 concioni
556 1333 722 1414 tamquam
766 1328 927 1412 plebecula
966 1331 1047 1392 esset
1080 1349 1212 1392 romana
1247 1337 1420 1414 Διανομάς,

380 1449 546 1532 διανομάς“
571 1456 631 1514 ποῦ
646 1451 682 1513 τὸ
698 1448 811 1533 νέκταρ
822 1475 834 1527 ;
848 1455 869 1531 η’
880 1449 1053 1536 ἀμβρόοσία
1065 1447 1212 1515 ἐπέλιπεν
1224 1448 1422 1533 clamitanti,

379 1569 528 1653 luppiter
548 1568 615 1652 ipse
638 1567 733 1654 verbe
751 1566 854 1647 fecere
891 1568 1094 1652 aggreditur,
1118 1569 1172 1633 sed
1195 1569 1304 1633 rtatim
1326 1567 1421 1633 initio
1517 1557 1519 1566 ’

380 1685 532 1751 orationis
554 1685 664 1750 haeret
691 1689 723 1750 ct
744 1685 901 1764 balbutit,
929 1685 1004 1770 quia
1028 1685 1127 1750 totius
1141 1686 1277 1770 proemii
1303 1686 1422 1751 oblitus

380 1808 436 1869 est.
467 1803 642 1869 Mercurius
673 1807 798 1880 autem,
830 1803 919 1867 vafer
952 1808 990 1867 ut
1019 1803 1115 1882 solet,
1139 1803 1169 1868 ei
1183 1803 1302 1868 ‘suadet
1328 1804 1421 1869 modo

380 1921 542 1986 rhetorum
561 1921 682 2006 aliquid
704 1923 866 1986 desumere
885 1943 923 1985 ex
946 1920 1169 1986 Demosthenis
1187 1922 1326 2006 quadam
1349 1944 1421 1987 cra·

380 2040 478 2106 tione.
502 2037 561 2104 Oui
595 2039 726 2104 consilio
750 2040 916 2104 obsecutus
938 2038 1087 2124 Juppitcr
1109 2039 1248 2123 optimus
1267 2039 1422 2104 maximus

381 2159 581 2248 consarciuet
596 2180 633 2223 ex
649 2157 771 2242 primae
786 2157 997 2242 Olynthiecae
1011 2157 1105 2222 initio
1127 2158 1224 2222 verba
1235 2158 1290 2222 illa
1306 2157 1422 2242 quibus

381 2278 457 2343 olim
484 2299 627 2342 summus
657 2281 766 2341 orator
794 2277 1002 2341 dormitantes
1030 2299 1103 2341 suos
1134 2278 1279 2361 aequales
1309 2281 1420 2341 contra

381 2394 568 2480 Philippum
598 2416 722 2461 armare
750 2399 784 2459 et
811 2395 946 2460 incitare
968 2399 1101 2459 conatus
1122 2399 1200 2459 erat.
1227 2395 1288 2461 Sed
1318 2395 1421 2460 bouus

383 2511 549 2597 luppiter,
573 2533 667 2596 quem
686 2512 793 2596 paullo
808 2511 1041 2577 obliviosiorem
1061 2514 1130 2597 jam
1152 2535 1247 2599 supra
1266 2513 1421 2590 vidimus,

258 2657 260 2660 ·
318 2671 322 2678 ‚
384 2629 564 2715 eloquentia
587 2629 833 2695 Demosthenem
852 2631 921 2715 jam
944 2630 1080 2713 emplius
1097 2630 1222 2715 assequi
1236 2653 1302 2695 non
1318 2635 1422 2716 potest

384 2752 416 2814 et
445 2748 534 2814 addit
564 2749 644 2813 mira
670 2752 703 2813 et
724 2748 859 2813 candida
881 2747 1100 2832 simplicitate,
1125 2751 1162 2812 ut
1181 2749 1261 2814 'deus
1286 2749 1423 2826 scilicet,

383 2867 437 2930 καὶ
467 2869 526 2952 γὰρ
550 2865 700 2931 ἐπιλείπει
727 2890 765 2948 με
787 2869 805 2930 o'
828 2865 1041 2950 Δημοσθένης.
1071 2863 1146 2930 Post
1172 2865 1289 2931 multas
1315 2869 1423 2930 autem

384 2983 535 3069 ambages
557 2984 597 3048 ad
619 3005 685 3048 rem
702 2984 805 3068 ipsam
827 2988 1063 3070 propterquam
1077 2983 1188 3049 concio
1203 2983 1332 3049 deorum
1347 3006 1423 3049 con-

383 3104 495 3166 vocata
521 3105 590 3166 erat
613 3101 749 3167 accedit:
774 3099 891 3166 Omnes
914 3102 947 3166 di
968 3102 1105 3187 deaeque
1119 3102 1249 3167 invitati
1271 3109 1363 3169 erant
1381 3106 1421 3170 ad

384 3240 514 3284 coenam
529 3220 614 3304 apud
625 3219 838 3285 Mnesitheum
849 3220 1033 3285 nauclerum
1050 3221 1086 3284 in
1104 3219 1227 3286 Piraeo.
1247 3220 1323 3286 Post
1341 3223 1421 3288 liba·

384 3336 504 3419 tiones,
521 3336 645 3422 inquit,
664 3359 720 3402 ros
732 3336 796 3402 alio
808 3337 888 3402 alius
903 3336 1089 3402 discessistis
1100 3339 1145 3422 (et
1160 3342 1252 3403 erant
1263 3338 1298 3403 in
1310 3338 1422 3406 Piraeo

384 3475 462 3518 sane
480 3453 656 3519 deversoria
666 3454 775 3539 paullo
785 3455 934 3520 liberiora
945 3455 1114 3542 nonnulla)
1126 3455 1179 3520 sed
1191 3477 1250 3542 ego
1261 3457 1301 3522 ad
1311 3460 1424 3528 Ποικί-

386 3571 444 3656 λην
456 3571 563 3637 audivi
573 3571 776 3657 philosophos
790 3571 932 3636 rixantes
946 3570 985 3636 da
999 3593 1036 3638 ea
1050 3594 1193 3658 requam
1205 3596 1300 3660 supra
1311 3577 1378 3642 dixi
1392 3580 1425 3643 et

427 3964 451 4040 ¹)
484 3965 645 4042 Sequuntur
677 3967 762 4026 etiem
785 3966 921 4026 vocabula
955 3963 1009 4026 καὶ
1043 3962 1106 4028 α’πό
1139 3971 1338 4049 τιμημάτων,
1373 3975 1423 4035 sed

383 4085 497 4143 prorsus
517 4067 656 4127 assentior
683 4070 710 4128 J.
733 4070 760 4128 J.
784 4069 937 4129 Hirrum
958 4071 1019 4130 viro
1042 4071 1207 4133 doctissimo
1234 4093 1266 4134 ea
1287 4077 1423 4138 vocabula

384 4175 528 4248 tamquam
549 4170 687 4230 insulsum
710 4172 848 4232 emblema
870 4175 994 4252 expungi
1012 4174 1134 4250 jubenti.
1251 4185 1252 4190 ’
