<?xml version="1.0" encoding="UTF-8"?>
<!DOCTYPE html PUBLIC "-//W3C//DTD XHTML 1.0 Transitional//EN"
    "http://www.w3.org/TR/xhtml1/DTD/xhtml1-transitional.dtd">
<html xmlns="http://www.w3.org/1999/xhtml" xml:lang="en" lang="en">
 <head>
  <title>
</title>
<meta http-equiv="Content-Type" content="text/html;charset=utf-8" />
  <meta name='ocr-system' content='tesseract 3.04.00' />
  <meta name='ocr-capabilities' content='ocr_page ocr_carea ocr_par ocr_line ocrx_word'/>
</head>
<body>
  <div class='ocr_page' id='page_1' title='image "./delucianoaequal00marggoog/delucianoaequal00marggoog_0045.png"; bbox 0 0 3372 5180; ppageno 0'>
   <div class='ocr_carea' id='block_1_1' title="bbox 839 535 880 601">
    <p class='ocr_par' dir='ltr' id='par_1_1' title="bbox 839 535 880 601">
     <span class='ocr_line' id='line_1_1' title="bbox 839 535 880 601; baseline 0.024 -1"><span class='ocrx_word' id='word_1_1' title='bbox 839 535 880 601; x_wconf 84' lang='lat'><strong>28</strong></span> 
     </span>
    </p>
   </div>
   <div class='ocr_carea' id='block_1_2' title="bbox 339 752 1381 1667">
    <p class='ocr_par' dir='ltr' id='par_1_2' title="bbox 339 752 1381 1667">
     <span class='ocr_line' id='line_1_2' title="bbox 341 752 1381 838; baseline 0.001 -21"><span class='ocrx_word' id='word_1_2' title='bbox 341 753 425 838; x_wconf 93' lang='lat' dir='ltr'><strong>quod</strong></span> <span class='ocrx_word' id='word_1_3' title='bbox 469 752 596 819; x_wconf 87' lang='lat' dir='ltr'><strong>Marcus</strong></span> <span class='ocrx_word' id='word_1_4' title='bbox 642 753 790 819; x_wconf 75' lang='lat' dir='ltr'><strong>Aurelius</strong></span> <span class='ocrx_word' id='word_1_5' title='bbox 823 775 895 820; x_wconf 92' lang='lat' dir='ltr'><strong>cum</strong></span> <span class='ocrx_word' id='word_1_6' title='bbox 931 752 1166 818; x_wconf 89' lang='lat' dir='ltr'><strong>Marcomannis</strong></span> <span class='ocrx_word' id='word_1_7' title='bbox 1196 757 1228 818; x_wconf 91' lang='lat' dir='ltr'><strong>ct</strong></span> <span class='ocrx_word' id='word_1_8' title='bbox 1262 752 1381 828; x_wconf 79' lang='lat' dir='ltr'><strong>Quadis</strong></span> 
     </span>
     <span class='ocr_line' id='line_1_3' title="bbox 341 871 1381 958; baseline 0.001 -22"><span class='ocrx_word' id='word_1_9' title='bbox 341 872 439 956; x_wconf 86' lang='lat' dir='ltr'><strong>gessit</strong></span> <span class='ocrx_word' id='word_1_10' title='bbox 460 872 671 957; x_wconf 89' lang='lat' dir='ltr'><strong>nequissimus</strong></span> <span class='ocrx_word' id='word_1_11' title='bbox 686 872 860 954; x_wconf 86' lang='lat' dir='ltr'><strong>fraudator,</strong></span> <span class='ocrx_word' id='word_1_12' title='bbox 873 871 929 957; x_wconf 91' lang='lat' dir='ltr'><strong>qui</strong></span> <span class='ocrx_word' id='word_1_13' title='bbox 942 895 999 956; x_wconf 91' lang='lat' dir='ltr'><strong>per</strong></span> <span class='ocrx_word' id='word_1_14' title='bbox 1013 871 1213 938; x_wconf 86' lang='lat' dir='ltr'><strong>Rutilianum</strong></span> <span class='ocrx_word' id='word_1_15' title='bbox 1228 893 1381 958; x_wconf 85' lang='lat' dir='ltr'>generum</span> 
     </span>
     <span class='ocr_line' id='line_1_4' title="bbox 339 987 1381 1069; baseline 0.002 -17"><span class='ocrx_word' id='word_1_16' title='bbox 339 988 446 1054; x_wconf 77' lang='lat' dir='ltr'><strong>faciles</strong></span> <span class='ocrx_word' id='word_1_17' title='bbox 468 990 509 1054; x_wconf 87' lang='lat' dir='ltr'><strong>ad</strong></span> <span class='ocrx_word' id='word_1_18' title='bbox 532 989 637 1054; x_wconf 90' lang='lat' dir='ltr'><strong>aulam</strong></span> <span class='ocrx_word' id='word_1_19' title='bbox 657 987 800 1054; x_wconf 78' lang='lat' dir='ltr'><strong>Caesaris</strong></span> <span class='ocrx_word' id='word_1_20' title='bbox 819 989 924 1055; x_wconf 89' lang='lat' dir='ltr'><strong>aditus</strong></span> <span class='ocrx_word' id='word_1_21' title='bbox 939 990 1094 1069; x_wconf 85' lang='lat' dir='ltr'><strong>habebat,</strong></span> <span class='ocrx_word' id='word_1_22' title='bbox 1111 989 1198 1055; x_wconf 90' lang='lat' dir='ltr'><strong>misit</strong></span> <span class='ocrx_word' id='word_1_23' title='bbox 1216 991 1381 1056; x_wconf 85' lang='lat' dir='ltr'><strong>oraculum</strong></span> 
     </span>
     <span class='ocr_line' id='line_1_5' title="bbox 339 1105 1381 1193; baseline 0.002 -22"><span class='ocrx_word' id='word_1_24' title='bbox 339 1106 504 1191; x_wconf 89' lang='lat' dir='ltr'><strong>postulans</strong></span> <span class='ocrx_word' id='word_1_25' title='bbox 537 1107 615 1171; x_wconf 91' lang='lat' dir='ltr'><strong>duos</strong></span> <span class='ocrx_word' id='word_1_26' title='bbox 648 1106 754 1171; x_wconf 88' lang='lat' dir='ltr'><strong>leones</strong></span> <span class='ocrx_word' id='word_1_27' title='bbox 784 1106 873 1171; x_wconf 83' lang='lat' dir='ltr'><strong>vivos</strong></span> <span class='ocrx_word' id='word_1_28' title='bbox 905 1105 941 1172; x_wconf 94' lang='lat' dir='ltr'><strong>in</strong></span> <span class='ocrx_word' id='word_1_29' title='bbox 974 1106 1093 1172; x_wconf 86' lang='lat' dir='ltr'><strong>Istrum</strong></span> <span class='ocrx_word' id='word_1_30' title='bbox 1130 1107 1256 1193; x_wconf 76' lang='lat' dir='ltr'><strong>conjici.</strong></span> <span class='ocrx_word' id='word_1_31' title='bbox 1295 1106 1381 1184; x_wconf 83' lang='lat' dir='ltr'><strong>Quae</strong></span> 
     </span>
     <span class='ocr_line' id='line_1_6' title="bbox 340 1222 1381 1312; baseline 0.001 -22"><span class='ocrx_word' id='word_1_32' title='bbox 340 1225 482 1290; x_wconf 83' lang='lat' dir='ltr'><strong>Rutilius</strong></span> <span class='ocrx_word' id='word_1_33' title='bbox 504 1223 615 1290; x_wconf 85' lang='lat' dir='ltr'><strong>effecta</strong></span> <span class='ocrx_word' id='word_1_34' title='bbox 638 1222 743 1305; x_wconf 86' lang='lat' dir='ltr'><strong>dedit,</strong></span> <span class='ocrx_word' id='word_1_35' title='bbox 767 1222 820 1288; x_wconf 87' lang='lat' dir='ltr'><strong>sed</strong></span> <span class='ocrx_word' id='word_1_36' title='bbox 843 1245 878 1289; x_wconf 91' lang='lat' dir='ltr'><strong>re</strong></span> <span class='ocrx_word' id='word_1_37' title='bbox 901 1245 921 1288; x_wconf 87' lang='lat' dir='ltr'><strong>a</strong></span> <span class='ocrx_word' id='word_1_38' title='bbox 944 1223 1098 1289; x_wconf 91' lang='lat' dir='ltr'><strong>Romanis</strong></span> <span class='ocrx_word' id='word_1_39' title='bbox 1122 1226 1204 1289; x_wconf 89' lang='lat' dir='ltr'><strong>male</strong></span> <span class='ocrx_word' id='word_1_40' title='bbox 1229 1230 1318 1312; x_wconf 84' lang='lat' dir='ltr'><strong>gesta</strong></span> <span class='ocrx_word' id='word_1_41' title='bbox 1341 1227 1381 1291; x_wconf 90' lang='lat' dir='ltr'><strong>ad</strong></span> 
     </span>
     <span class='ocr_line' id='line_1_7' title="bbox 340 1341 1379 1428; baseline 0.006 -22"><span class='ocrx_word' id='word_1_42' title='bbox 340 1342 523 1428; x_wconf 83' lang='lat' dir='ltr'><strong>Aquilejam</strong></span> <span class='ocrx_word' id='word_1_43' title='bbox 546 1347 604 1424; x_wconf 71' lang='grc' dir='ltr'><strong>τὴν</strong></span> <span class='ocrx_word' id='word_1_44' title='bbox 627 1341 786 1424; x_wconf 77' lang='grc' dir='ltr'><strong>Δελφικὴν</strong></span> <span class='ocrx_word' id='word_1_45' title='bbox 818 1342 941 1424; x_wconf 73' lang='grc' dir='ltr'><strong>ἐκείνην</strong></span> <span class='ocrx_word' id='word_1_46' title='bbox 970 1341 1146 1424; x_wconf 74' lang='grc' dir='ltr'><strong><em>ἀπολογίαν</em></strong></span> <span class='ocrx_word' id='word_1_47' title='bbox 1170 1348 1223 1410; x_wconf 77' lang='grc' dir='ltr'><strong>καὶ</strong></span> <span class='ocrx_word' id='word_1_48' title='bbox 1247 1349 1302 1412; x_wconf 73' lang='grc' dir='ltr'><strong>τὸν</strong></span> <span class='ocrx_word' id='word_1_49' title='bbox 1324 1352 1379 1412; x_wconf 78' lang='grc' dir='ltr'><strong>τοῦ</strong></span> 
     </span>
     <span class='ocr_line' id='line_1_8' title="bbox 340 1462 1379 1551; baseline 0.004 -23"><span class='ocrx_word' id='word_1_50' title='bbox 340 1464 476 1548; x_wconf 82' lang='grc' dir='ltr'><strong><em>Κροίσου</em></strong></span> <span class='ocrx_word' id='word_1_51' title='bbox 500 1465 632 1548; x_wconf 76' lang='grc' dir='ltr'><strong><em>χρησμὸν</em></strong></span> <span class='ocrx_word' id='word_1_52' title='bbox 655 1466 785 1548; x_wconf 73' lang='grc' dir='ltr'><strong><em>ψυχρῶς</em></strong></span> <span class='ocrx_word' id='word_1_53' title='bbox 801 1468 932 1546; x_wconf 78' lang='grc' dir='ltr'><strong><em>παρῆγε,</em></strong></span> <span class='ocrx_word' id='word_1_54' title='bbox 956 1462 1048 1546; x_wconf 72' lang='grc' dir='ltr'><strong><em>νίκην</em></strong></span> <span class='ocrx_word' id='word_1_55' title='bbox 1062 1466 1120 1546; x_wconf 77' lang='grc' dir='ltr'><strong>μὲν</strong></span> <span class='ocrx_word' id='word_1_56' title='bbox 1145 1466 1204 1550; x_wconf 80' lang='grc' dir='ltr'><strong>γὰρ</strong></span> <span class='ocrx_word' id='word_1_57' title='bbox 1220 1475 1379 1551; x_wconf 76' lang='grc' dir='ltr'>προειπεῖν</span> 
     </span>
     <span class='ocr_line' id='line_1_9' title="bbox 341 1579 1378 1667; baseline 0.003 -22"><span class='ocrx_word' id='word_1_58' title='bbox 341 1584 396 1647; x_wconf 72' lang='grc' dir='ltr'><strong>τὸν</strong></span> <span class='ocrx_word' id='word_1_59' title='bbox 420 1585 509 1660; x_wconf 78' lang='grc' dir='ltr'><strong><em>θεὸν,</em></strong></span> <span class='ocrx_word' id='word_1_60' title='bbox 532 1585 573 1663; x_wconf 79' lang='grc' dir='ltr'><strong>μὴ</strong></span> <span class='ocrx_word' id='word_1_61' title='bbox 595 1581 704 1664; x_wconf 72' lang='grc' dir='ltr'><strong><em>μέντοι</em></strong></span> <span class='ocrx_word' id='word_1_62' title='bbox 728 1579 878 1664; x_wconf 81' lang='grc' dir='ltr'><strong><em>δηλῶσαι,</em></strong></span> <span class='ocrx_word' id='word_1_63' title='bbox 902 1583 1069 1665; x_wconf 75' lang='grc' dir='ltr'><strong><em>Ῥωμαίων</em></strong></span> <span class='ocrx_word' id='word_1_64' title='bbox 1091 1588 1112 1666; x_wconf 81' lang='grc' dir='ltr'><em>ἤ</em></span> <span class='ocrx_word' id='word_1_65' title='bbox 1134 1583 1378 1667; x_wconf 63' lang='lat' dir='ltr'><strong>tornaturias.</strong></span> 
     </span>
    </p>
   </div>
   <div class='ocr_carea' id='block_1_3' title="bbox 341 1699 1380 1800">
    <p class='ocr_par' dir='ltr' id='par_1_3' title="bbox 341 1699 1380 1800">
     <span class='ocr_line' id='line_1_10' title="bbox 341 1699 1380 1800; baseline 0.003 -36"><span class='ocrx_word' id='word_1_66' title='bbox 341 1699 441 1765; x_wconf 86' lang='lat' dir='ltr'><strong>Fama</strong></span> <span class='ocrx_word' id='word_1_67' title='bbox 467 1704 575 1765; x_wconf 90' lang='lat' dir='ltr'><strong>autem</strong></span> <span class='ocrx_word' id='word_1_68' title='bbox 601 1699 721 1765; x_wconf 86' lang='lat' dir='ltr'><strong>oraculi</strong></span> <span class='ocrx_word' id='word_1_69' title='bbox 748 1721 871 1784; x_wconf 87' lang='lat' dir='ltr'><strong>semper</strong></span> <span class='ocrx_word' id='word_1_70' title='bbox 897 1699 1000 1766; x_wconf 92' lang='lat' dir='ltr'><strong>adhuc</strong></span> <span class='ocrx_word' id='word_1_71' title='bbox 1026 1701 1155 1787; x_wconf 84' lang='lat' dir='ltr'><strong>vigente</strong></span> <span class='ocrx_word' id='word_1_72' title='bbox 1177 1705 1209 1767; x_wconf 90' lang='lat' dir='ltr'><strong>et</strong></span> <span class='ocrx_word' id='word_1_73' title='bbox 1229 1703 1380 1800; x_wconf 58' lang='lat' dir='ltr'><strong>florente,</strong></span> 
     </span>
    </p>
   </div>
   <div class='ocr_carea' id='block_1_4' title="bbox 340 1815 1411 4260">
    <p class='ocr_par' dir='ltr' id='par_1_4' title="bbox 340 1815 1411 4260">
     <span class='ocr_line' id='line_1_11' title="bbox 342 1815 1380 1902; baseline -0.001 -17"><span class='ocrx_word' id='word_1_74' title='bbox 342 1823 411 1885; x_wconf 88' lang='lat' dir='ltr'><strong>erat</strong></span> <span class='ocrx_word' id='word_1_75' title='bbox 432 1816 563 1902; x_wconf 92' lang='lat' dir='ltr'><strong>quidam</strong></span> <span class='ocrx_word' id='word_1_76' title='bbox 593 1815 649 1900; x_wconf 92' lang='lat' dir='ltr'><strong>qui</strong></span> <span class='ocrx_word' id='word_1_77' title='bbox 671 1837 781 1880; x_wconf 87' lang='lat' dir='ltr'><strong>verum</strong></span> <span class='ocrx_word' id='word_1_78' title='bbox 803 1815 971 1901; x_wconf 84' lang='lat' dir='ltr'>ingenium</span> <span class='ocrx_word' id='word_1_79' title='bbox 998 1821 1030 1882; x_wconf 90' lang='lat' dir='ltr'><strong>et</strong></span> <span class='ocrx_word' id='word_1_80' title='bbox 1052 1822 1201 1883; x_wconf 85' lang='lat' dir='ltr'><strong>naturam</strong></span> <span class='ocrx_word' id='word_1_81' title='bbox 1224 1823 1380 1884; x_wconf 83' lang='lat' dir='ltr'><strong>veterato-</strong></span> 
     </span>
     <span class='ocr_line' id='line_1_12' title="bbox 341 1933 1382 2019; baseline 0 -17"><span class='ocrx_word' id='word_1_82' title='bbox 341 1937 385 2002; x_wconf 88' lang='lat' dir='ltr'><strong>ris</strong></span> <span class='ocrx_word' id='word_1_83' title='bbox 400 1933 607 2019; x_wconf 84' lang='lat' dir='ltr'><strong>impurissimi</strong></span> <span class='ocrx_word' id='word_1_84' title='bbox 629 1933 810 2000; x_wconf 88' lang='lat' dir='ltr'><strong>denudaudi</strong></span> <span class='ocrx_word' id='word_1_85' title='bbox 833 1933 1001 1999; x_wconf 89' lang='lat' dir='ltr'><strong>consilium</strong></span> <span class='ocrx_word' id='word_1_86' title='bbox 1023 1938 1158 2019; x_wconf 86' lang='lat' dir='ltr'><strong>ceperat.</strong></span> <span class='ocrx_word' id='word_1_87' title='bbox 1182 1934 1277 2001; x_wconf 87' lang='lat' dir='ltr'><strong>Forte</strong></span> <span class='ocrx_word' id='word_1_88' title='bbox 1292 1938 1382 2003; x_wconf 84' lang='lat' dir='ltr'><strong>venit</strong></span> 
     </span>
     <span class='ocr_line' id='line_1_13' title="bbox 341 2050 1383 2137; baseline 0 -19"><span class='ocrx_word' id='word_1_89' title='bbox 341 2052 500 2118; x_wconf 81' lang='lat' dir='ltr'><strong>Lucienus</strong></span> <span class='ocrx_word' id='word_1_90' title='bbox 526 2051 631 2117; x_wconf 85' lang='lat' dir='ltr'><strong>Aboni</strong></span> <span class='ocrx_word' id='word_1_91' title='bbox 645 2055 794 2116; x_wconf 87' lang='lat' dir='ltr'><strong>castrum.</strong></span> <span class='ocrx_word' id='word_1_92' title='bbox 815 2050 932 2116; x_wconf 89' lang='lat' dir='ltr'><strong>Metuit</strong></span> <span class='ocrx_word' id='word_1_93' title='bbox 946 2051 1116 2116; x_wconf 82' lang='lat' dir='ltr'><strong>admodum</strong></span> <span class='ocrx_word' id='word_1_94' title='bbox 1131 2050 1312 2117; x_wconf 74' lang='lat' dir='ltr'>Alexander</span> <span class='ocrx_word' id='word_1_95' title='bbox 1327 2054 1383 2137; x_wconf 91' lang='lat' dir='ltr'><strong>qui</strong></span> 
     </span>
     <span class='ocr_line' id='line_1_14' title="bbox 341 2168 1380 2254; baseline 0.002 -20"><span class='ocrx_word' id='word_1_96' title='bbox 341 2170 579 2236; x_wconf 89' lang='lat' dir='ltr'><strong>inimicissimus</strong></span> <span class='ocrx_word' id='word_1_97' title='bbox 602 2169 743 2234; x_wconf 80' lang='lat' dir='ltr'><strong>Lucieno</strong></span> <span class='ocrx_word' id='word_1_98' title='bbox 765 2173 843 2233; x_wconf 88' lang='lat' dir='ltr'><strong>erat.</strong></span> <span class='ocrx_word' id='word_1_99' title='bbox 859 2168 922 2233; x_wconf 93' lang='lat' dir='ltr'><strong>Hic</strong></span> <span class='ocrx_word' id='word_1_100' title='bbox 937 2168 1067 2233; x_wconf 85' lang='lat' dir='ltr'><strong>accessit</strong></span> <span class='ocrx_word' id='word_1_101' title='bbox 1082 2169 1123 2234; x_wconf 87' lang='lat' dir='ltr'><strong>ad</strong></span> <span class='ocrx_word' id='word_1_102' title='bbox 1138 2171 1293 2254; x_wconf 87' lang='lat' dir='ltr'><strong>templum</strong></span> <span class='ocrx_word' id='word_1_103' title='bbox 1308 2193 1380 2236; x_wconf 92' lang='lat' dir='ltr'><strong>cum</strong></span> 
     </span>
     <span class='ocr_line' id='line_1_15' title="bbox 341 2283 1379 2374; baseline 0.003 -21"><span class='ocrx_word' id='word_1_104' title='bbox 341 2289 464 2354; x_wconf 91' lang='lat' dir='ltr'><strong>duobus</strong></span> <span class='ocrx_word' id='word_1_105' title='bbox 478 2287 645 2365; x_wconf 72' lang='lat' dir='ltr'><strong>militibus,</strong></span> <span class='ocrx_word' id='word_1_106' title='bbox 654 2307 733 2371; x_wconf 89' lang='lat' dir='ltr'><strong>quos</strong></span> <span class='ocrx_word' id='word_1_107' title='bbox 745 2290 973 2371; x_wconf 85' lang='lat' dir='ltr'><strong>aprocuratorc</strong></span> <span class='ocrx_word' id='word_1_108' title='bbox 981 2283 1197 2371; x_wconf 78' lang='lat' dir='ltr'><strong>Cappadociae</strong></span> <span class='ocrx_word' id='word_1_109' title='bbox 1208 2295 1379 2374; x_wconf 86' lang='lat' dir='ltr'><strong>acceperat.</strong></span> 
     </span>
     <span class='ocr_line' id='line_1_16' title="bbox 341 2405 1383 2492; baseline -0.002 -18"><span class='ocrx_word' id='word_1_110' title='bbox 341 2408 461 2476; x_wconf 84' lang='lat' dir='ltr'><strong>Narrat</strong></span> <span class='ocrx_word' id='word_1_111' title='bbox 475 2408 544 2492; x_wconf 89' lang='lat' dir='ltr'><strong>ipsc</strong></span> <span class='ocrx_word' id='word_1_112' title='bbox 559 2428 592 2471; x_wconf 90' lang='lat' dir='ltr'><strong>sc</strong></span> <span class='ocrx_word' id='word_1_113' title='bbox 610 2428 682 2471; x_wconf 91' lang='lat' dir='ltr'><strong>cum</strong></span> <span class='ocrx_word' id='word_1_114' title='bbox 697 2406 760 2471; x_wconf 90' lang='lat' dir='ltr'><strong>illis</strong></span> <span class='ocrx_word' id='word_1_115' title='bbox 781 2405 937 2489; x_wconf 89' lang='lat' dir='ltr'><strong>templum</strong></span> <span class='ocrx_word' id='word_1_116' title='bbox 957 2427 1023 2471; x_wconf 91' lang='lat' dir='ltr'><strong>esse</strong></span> <span class='ocrx_word' id='word_1_117' title='bbox 1039 2406 1217 2492; x_wconf 85' lang='lat' dir='ltr'><strong>ingressum</strong></span> <span class='ocrx_word' id='word_1_118' title='bbox 1240 2412 1273 2473; x_wconf 87' lang='lat' dir='ltr'><strong>et</strong></span> <span class='ocrx_word' id='word_1_119' title='bbox 1286 2407 1383 2472; x_wconf 85' lang='lat' dir='ltr'><strong>Alex·</strong></span> 
     </span>
     <span class='ocr_line' id='line_1_17' title="bbox 342 2523 1411 2611; baseline 0.003 -20"><span class='ocrx_word' id='word_1_120' title='bbox 342 2525 442 2592; x_wconf 89' lang='lat' dir='ltr'><strong>andro</strong></span> <span class='ocrx_word' id='word_1_121' title='bbox 488 2528 524 2589; x_wconf 95' lang='lat' dir='ltr'><strong>ut</strong></span> <span class='ocrx_word' id='word_1_122' title='bbox 569 2523 680 2589; x_wconf 89' lang='lat' dir='ltr'><strong>solitus</strong></span> <span class='ocrx_word' id='word_1_123' title='bbox 721 2527 791 2588; x_wconf 86' lang='lat' dir='ltr'><strong>erat</strong></span> <span class='ocrx_word' id='word_1_124' title='bbox 832 2545 964 2588; x_wconf 89' lang='lat' dir='ltr'><strong>manum</strong></span> <span class='ocrx_word' id='word_1_125' title='bbox 1001 2525 1205 2590; x_wconf 88' lang='lat' dir='ltr'><strong>osculandam</strong></span> <span class='ocrx_word' id='word_1_126' title='bbox 1249 2532 1379 2611; x_wconf 85' lang='lat' dir='ltr'><strong>proton-</strong></span> <span class='ocrx_word' id='word_1_127' title='bbox 1409 2591 1411 2594; x_wconf 84' lang='lat'>.</span> 
     </span>
     <span class='ocr_line' id='line_1_18' title="bbox 342 2644 1380 2732; baseline 0.003 -22"><span class='ocrx_word' id='word_1_128' title='bbox 342 2645 430 2710; x_wconf 86' lang='lat' dir='ltr'><strong>denti</strong></span> <span class='ocrx_word' id='word_1_129' title='bbox 472 2645 606 2727; x_wconf 78' lang='grc' dir='ltr'><strong><em>δήγματι</em></strong></span> <span class='ocrx_word' id='word_1_130' title='bbox 646 2650 764 2730; x_wconf 77' lang='grc' dir='ltr'><em>χρηστῷ</em></span> <span class='ocrx_word' id='word_1_131' title='bbox 806 2651 893 2710; x_wconf 75' lang='grc' dir='ltr'><strong><em>πάνυ</em></strong></span> <span class='ocrx_word' id='word_1_132' title='bbox 930 2651 1039 2729; x_wconf 82' lang='grc' dir='ltr'><strong><em>μικροῦ</em></strong></span> <span class='ocrx_word' id='word_1_133' title='bbox 1083 2644 1150 2712; x_wconf 75' lang='grc' dir='ltr'><strong>δεῖν</strong></span> <span class='ocrx_word' id='word_1_134' title='bbox 1186 2644 1288 2732; x_wconf 75' lang='grc' dir='ltr'><em>χωλὴν</em></span> <span class='ocrx_word' id='word_1_135' title='bbox 1322 2651 1380 2727; x_wconf 77' lang='grc' dir='ltr'><strong>τὴν</strong></span> 
     </span>
     <span class='ocr_line' id='line_1_19' title="bbox 344 2761 1381 2850; baseline 0 -21"><span class='ocrx_word' id='word_1_136' title='bbox 344 2771 429 2850; x_wconf 80' lang='grc' dir='ltr'><strong><em>χεῖρα</em></strong></span> <span class='ocrx_word' id='word_1_137' title='bbox 463 2770 599 2845; x_wconf 81' lang='grc' dir='ltr'><strong><em>ποιῆσαι.</em></strong></span> <span class='ocrx_word' id='word_1_138' title='bbox 635 2761 723 2837; x_wconf 74' lang='lat' dir='ltr'><strong>erae</strong></span> <span class='ocrx_word' id='word_1_139' title='bbox 755 2782 804 2827; x_wconf 90' lang='lat' dir='ltr'><strong>res</strong></span> <span class='ocrx_word' id='word_1_140' title='bbox 838 2761 1012 2826; x_wconf 86' lang='lat' dir='ltr'><strong>necessario</strong></span> <span class='ocrx_word' id='word_1_141' title='bbox 1043 2762 1226 2828; x_wconf 88' lang='lat' dir='ltr'><strong>inimicitias</strong></span> <span class='ocrx_word' id='word_1_142' title='bbox 1264 2764 1381 2829; x_wconf 90' lang='lat' dir='ltr'><strong>mirum</strong></span> 
     </span>
     <span class='ocr_line' id='line_1_20' title="bbox 341 2879 1381 2966; baseline 0.002 -21"><span class='ocrx_word' id='word_1_143' title='bbox 341 2882 377 2945; x_wconf 92' lang='lat' dir='ltr'><strong>in</strong></span> <span class='ocrx_word' id='word_1_144' title='bbox 400 2881 529 2946; x_wconf 92' lang='lat' dir='ltr'><strong>modum</strong></span> <span class='ocrx_word' id='word_1_145' title='bbox 552 2880 651 2947; x_wconf 86' lang='lat' dir='ltr'><strong>auxit.</strong></span> <span class='ocrx_word' id='word_1_146' title='bbox 674 2879 810 2944; x_wconf 88' lang='lat' dir='ltr'><strong>Insidias</strong></span> <span class='ocrx_word' id='word_1_147' title='bbox 828 2879 929 2966; x_wconf 84' lang='lat' dir='ltr'><strong>igitur</strong></span> <span class='ocrx_word' id='word_1_148' title='bbox 952 2881 1069 2946; x_wconf 84' lang='lat' dir='ltr'><strong>struxit</strong></span> <span class='ocrx_word' id='word_1_149' title='bbox 1089 2880 1231 2945; x_wconf 78' lang='lat' dir='ltr'><strong>Lucieno</strong></span> <span class='ocrx_word' id='word_1_150' title='bbox 1247 2903 1381 2966; x_wconf 89' lang='lat' dir='ltr'><strong>eumque</strong></span> 
     </span>
     <span class='ocr_line' id='line_1_21' title="bbox 341 2997 1382 3083; baseline 0.001 -21"><span class='ocrx_word' id='word_1_151' title='bbox 341 3020 360 3062; x_wconf 92' lang='lat' dir='ltr'><strong>a</strong></span> <span class='ocrx_word' id='word_1_152' title='bbox 376 2999 589 3082; x_wconf 77' lang='lat' dir='ltr'><strong>gubernatore</strong></span> <span class='ocrx_word' id='word_1_153' title='bbox 611 2997 646 3061; x_wconf 94' lang='lat' dir='ltr'><strong>in</strong></span> <span class='ocrx_word' id='word_1_154' title='bbox 670 3018 756 3062; x_wconf 90' lang='lat' dir='ltr'><strong>mare</strong></span> <span class='ocrx_word' id='word_1_155' title='bbox 772 2998 867 3080; x_wconf 88' lang='lat' dir='ltr'><strong>abjici</strong></span> <span class='ocrx_word' id='word_1_156' title='bbox 882 2997 987 3083; x_wconf 87' lang='lat' dir='ltr'><strong>jussit.</strong></span> <span class='ocrx_word' id='word_1_157' title='bbox 1004 2997 1064 3063; x_wconf 84' lang='lat' dir='ltr'><strong>Sed</strong></span> <span class='ocrx_word' id='word_1_158' title='bbox 1078 2999 1205 3063; x_wconf 86' lang='lat' dir='ltr'><strong>frustra.</strong></span> <span class='ocrx_word' id='word_1_159' title='bbox 1221 2997 1382 3063; x_wconf 80' lang='lat' dir='ltr'><strong>Lucienus</strong></span> 
     </span>
     <span class='ocr_line' id='line_1_22' title="bbox 342 3114 1380 3201; baseline 0.001 -21"><span class='ocrx_word' id='word_1_160' title='bbox 342 3136 380 3180; x_wconf 87' lang='lat' dir='ltr'><strong>ex</strong></span> <span class='ocrx_word' id='word_1_161' title='bbox 401 3115 525 3180; x_wconf 88' lang='lat' dir='ltr'><strong>insidiis</strong></span> <span class='ocrx_word' id='word_1_162' title='bbox 548 3114 662 3201; x_wconf 85' lang='lat' dir='ltr'><strong>effugit</strong></span> <span class='ocrx_word' id='word_1_163' title='bbox 684 3119 716 3180; x_wconf 84' lang='lat' dir='ltr'><strong>et</strong></span> <span class='ocrx_word' id='word_1_164' title='bbox 732 3114 911 3180; x_wconf 82' lang='lat' dir='ltr'><strong>Alexander</strong></span> <span class='ocrx_word' id='word_1_165' title='bbox 933 3114 1022 3181; x_wconf 84' lang='lat' dir='ltr'><strong>brevi</strong></span> <span class='ocrx_word' id='word_1_166' title='bbox 1043 3120 1117 3200; x_wconf 90' lang='lat' dir='ltr'><strong>post</strong></span> <span class='ocrx_word' id='word_1_167' title='bbox 1145 3115 1214 3199; x_wconf 90' lang='lat' dir='ltr'><strong>ipse</strong></span> <span class='ocrx_word' id='word_1_168' title='bbox 1237 3120 1380 3181; x_wconf 87' lang='lat' dir='ltr'><strong>mortuus</strong></span> 
     </span>
     <span class='ocr_line' id='line_1_23' title="bbox 341 3212 1175 3308; baseline -0.001 -9"><span class='ocrx_word' id='word_1_169' title='bbox 341 3237 389 3299; x_wconf 83' lang='lat' dir='ltr'><strong>ost</strong></span> <span class='ocrx_word' id='word_1_170' title='bbox 411 3234 574 3308; x_wconf 76' lang='grc' dir='ltr'><strong><em>διασαπεὶς</em></strong></span> <span class='ocrx_word' id='word_1_171' title='bbox 598 3236 651 3300; x_wconf 76' lang='grc' dir='ltr'><strong>τὸν</strong></span> <span class='ocrx_word' id='word_1_172' title='bbox 675 3233 769 3299; x_wconf 80' lang='grc' dir='ltr'><strong><em>πόδα.</em></strong></span> <span class='ocrx_word' id='word_1_173' title='bbox 1173 3212 1175 3216; x_wconf 94' lang='lat'>.</span> 
     </span>
     <span class='ocr_line' id='line_1_24' title="bbox 385 3350 1380 3437; baseline 0.003 -22"><span class='ocrx_word' id='word_1_174' title='bbox 385 3350 571 3417; x_wconf 74' lang='lat' dir='ltr'><strong>Potueritne</strong></span> <span class='ocrx_word' id='word_1_175' title='bbox 592 3353 772 3436; x_wconf 74' lang='lat' dir='ltr'><strong>superstitio</strong></span> <span class='ocrx_word' id='word_1_176' title='bbox 796 3356 864 3417; x_wconf 89' lang='lat' dir='ltr'><strong>tam</strong></span> <span class='ocrx_word' id='word_1_177' title='bbox 891 3351 986 3418; x_wconf 88' lang='lat' dir='ltr'><strong>anilis</strong></span> <span class='ocrx_word' id='word_1_178' title='bbox 1011 3374 1164 3437; x_wconf 90' lang='lat' dir='ltr'><strong>occupare</strong></span> <span class='ocrx_word' id='word_1_179' title='bbox 1190 3357 1223 3418; x_wconf 91' lang='lat' dir='ltr'><strong>et</strong></span> <span class='ocrx_word' id='word_1_180' title='bbox 1238 3353 1380 3418; x_wconf 90' lang='lat' dir='ltr'><strong>imbuere</strong></span> 
     </span>
     <span class='ocr_line' id='line_1_25' title="bbox 341 3468 1381 3554; baseline 0.001 -20"><span class='ocrx_word' id='word_1_181' title='bbox 341 3468 465 3534; x_wconf 89' lang='lat' dir='ltr'><strong>animos</strong></span> <span class='ocrx_word' id='word_1_182' title='bbox 488 3490 553 3533; x_wconf 90' lang='lat' dir='ltr'><strong>non</strong></span> <span class='ocrx_word' id='word_1_183' title='bbox 565 3472 692 3534; x_wconf 85' lang='lat' dir='ltr'><strong>tantum</strong></span> <span class='ocrx_word' id='word_1_184' title='bbox 715 3468 860 3533; x_wconf 90' lang='lat' dir='ltr'><strong>indoctae</strong></span> <span class='ocrx_word' id='word_1_185' title='bbox 875 3472 907 3532; x_wconf 91' lang='lat' dir='ltr'><strong>et</strong></span> <span class='ocrx_word' id='word_1_186' title='bbox 921 3468 963 3532; x_wconf 91' lang='lat' dir='ltr'><strong>ad</strong></span> <span class='ocrx_word' id='word_1_187' title='bbox 973 3468 1051 3533; x_wconf 90' lang='lat' dir='ltr'><strong>talia</strong></span> <span class='ocrx_word' id='word_1_188' title='bbox 1066 3491 1186 3552; x_wconf 88' lang='lat' dir='ltr'><strong>pronae</strong></span> <span class='ocrx_word' id='word_1_189' title='bbox 1200 3470 1381 3554; x_wconf 85' lang='lat' dir='ltr'><strong>plebeculae</strong></span> 
     </span>
     <span class='ocr_line' id='line_1_26' title="bbox 342 3585 1381 3673; baseline 0 -21"><span class='ocrx_word' id='word_1_190' title='bbox 342 3586 396 3652; x_wconf 88' lang='lat' dir='ltr'><strong>sed</strong></span> <span class='ocrx_word' id='word_1_191' title='bbox 415 3587 512 3652; x_wconf 88' lang='lat' dir='ltr'><strong>etiam</strong></span> <span class='ocrx_word' id='word_1_192' title='bbox 535 3598 731 3651; x_wconf 89' lang='lat' dir='ltr'><strong>summorum</strong></span> <span class='ocrx_word' id='word_1_193' title='bbox 745 3586 930 3665; x_wconf 86' lang='lat' dir='ltr'><strong>bominum,</strong></span> <span class='ocrx_word' id='word_1_194' title='bbox 954 3585 1067 3671; x_wconf 90' lang='lat' dir='ltr'><strong>siquis</strong></span> <span class='ocrx_word' id='word_1_195' title='bbox 1084 3585 1165 3652; x_wconf 87' lang='lat' dir='ltr'><strong>forte</strong></span> <span class='ocrx_word' id='word_1_196' title='bbox 1186 3591 1330 3673; x_wconf 85' lang='lat' dir='ltr'><strong>quaerat,</strong></span> <span class='ocrx_word' id='word_1_197' title='bbox 1354 3588 1381 3652; x_wconf 92' lang='lat' dir='ltr'><strong>is</strong></span> 
     </span>
     <span class='ocr_line' id='line_1_27' title="bbox 342 3703 1381 3791; baseline 0.001 -23"><span class='ocrx_word' id='word_1_198' title='bbox 342 3704 426 3788; x_wconf 85' lang='lat' dir='ltr'><strong>apud</strong></span> <span class='ocrx_word' id='word_1_199' title='bbox 448 3703 591 3768; x_wconf 90' lang='lat' dir='ltr'><strong>animum</strong></span> <span class='ocrx_word' id='word_1_200' title='bbox 613 3725 706 3768; x_wconf 91' lang='lat' dir='ltr'><strong>suum</strong></span> <span class='ocrx_word' id='word_1_201' title='bbox 727 3707 853 3789; x_wconf 87' lang='lat' dir='ltr'><strong>reputet</strong></span> <span class='ocrx_word' id='word_1_202' title='bbox 874 3708 978 3770; x_wconf 84' lang='lat' dir='ltr'><strong>totum</strong></span> <span class='ocrx_word' id='word_1_203' title='bbox 994 3705 1152 3771; x_wconf 89' lang='lat' dir='ltr'><strong>saeculum</strong></span> <span class='ocrx_word' id='word_1_204' title='bbox 1166 3705 1201 3769; x_wconf 94' lang='lat' dir='ltr'><strong>in</strong></span> <span class='ocrx_word' id='word_1_205' title='bbox 1224 3727 1287 3791; x_wconf 92' lang='lat' dir='ltr'><strong>quo</strong></span> <span class='ocrx_word' id='word_1_206' title='bbox 1309 3726 1381 3770; x_wconf 83' lang='lat' dir='ltr'><strong>ver·</strong></span> 
     </span>
     <span class='ocr_line' id='line_1_28' title="bbox 341 3820 1381 3907; baseline -0.001 -21"><span class='ocrx_word' id='word_1_207' title='bbox 341 3842 463 3899; x_wconf 85' lang='lat' dir='ltr'><strong>semur,</strong></span> <span class='ocrx_word' id='word_1_208' title='bbox 517 3820 769 3905; x_wconf 89' lang='lat' dir='ltr'><strong>superstitiosum</strong></span> <span class='ocrx_word' id='word_1_209' title='bbox 823 3823 994 3888; x_wconf 84' lang='lat' dir='ltr'><strong>admodum</strong></span> <span class='ocrx_word' id='word_1_210' title='bbox 1045 3823 1232 3907; x_wconf 86' lang='lat' dir='ltr'><strong>arcanisque</strong></span> <span class='ocrx_word' id='word_1_211' title='bbox 1284 3821 1381 3886; x_wconf 87' lang='lat' dir='ltr'><strong>sacris</strong></span> 
     </span>
     <span class='ocr_line' id='line_1_29' title="bbox 341 3938 1380 4026; baseline 0 -24"><span class='ocrx_word' id='word_1_212' title='bbox 341 3938 483 4004; x_wconf 88' lang='lat' dir='ltr'><strong>deditum</strong></span> <span class='ocrx_word' id='word_1_213' title='bbox 502 3961 586 4020; x_wconf 86' lang='lat' dir='ltr'><strong>esse,</strong></span> <span class='ocrx_word' id='word_1_214' title='bbox 599 3941 744 4026; x_wconf 89' lang='lat' dir='ltr'><strong>nihilque</strong></span> <span class='ocrx_word' id='word_1_215' title='bbox 758 3941 975 4005; x_wconf 88' lang='lat' dir='ltr'><strong>Romanorum</strong></span> <span class='ocrx_word' id='word_1_216' title='bbox 991 3940 1114 4026; x_wconf 86' lang='lat' dir='ltr'><strong>ingenii</strong></span> <span class='ocrx_word' id='word_1_217' title='bbox 1126 3943 1158 4004; x_wconf 87' lang='lat' dir='ltr'><strong>et</strong></span> <span class='ocrx_word' id='word_1_218' title='bbox 1175 3938 1292 4004; x_wconf 92' lang='lat' dir='ltr'><strong>indolis</strong></span> <span class='ocrx_word' id='word_1_219' title='bbox 1313 3942 1380 4002; x_wconf 89' lang='lat' dir='ltr'><strong>tam</strong></span> 
     </span>
     <span class='ocr_line' id='line_1_30' title="bbox 341 4056 1382 4143; baseline 0 -23"><span class='ocrx_word' id='word_1_220' title='bbox 341 4056 506 4141; x_wconf 89' lang='lat' dir='ltr'><strong>proprium</strong></span> <span class='ocrx_word' id='word_1_221' title='bbox 535 4061 665 4143; x_wconf 87' lang='lat' dir='ltr'><strong>tamque</strong></span> <span class='ocrx_word' id='word_1_222' title='bbox 695 4079 862 4123; x_wconf 90' lang='lat' dir='ltr'><strong>commune</strong></span> <span class='ocrx_word' id='word_1_223' title='bbox 885 4060 967 4134; x_wconf 79' lang='lat' dir='ltr'><strong>esse,</strong></span> <span class='ocrx_word' id='word_1_224' title='bbox 1002 4079 1099 4142; x_wconf 88' lang='lat' dir='ltr'><strong>quam</strong></span> <span class='ocrx_word' id='word_1_225' title='bbox 1118 4057 1249 4122; x_wconf 88' lang='lat' dir='ltr'><strong>stultam</strong></span> <span class='ocrx_word' id='word_1_226' title='bbox 1272 4056 1382 4121; x_wconf 90' lang='lat' dir='ltr'><strong>credu-</strong></span> 
     </span>
     <span class='ocr_line' id='line_1_31' title="bbox 340 4172 1381 4260; baseline 0.003 -25"><span class='ocrx_word' id='word_1_227' title='bbox 340 4172 483 4252; x_wconf 81' lang='lat' dir='ltr'><strong>litatem,</strong></span> <span class='ocrx_word' id='word_1_228' title='bbox 517 4197 583 4240; x_wconf 86' lang='lat' dir='ltr'><strong>una</strong></span> <span class='ocrx_word' id='word_1_229' title='bbox 605 4176 789 4241; x_wconf 88' lang='lat' dir='ltr'><strong>crudelitate</strong></span> <span class='ocrx_word' id='word_1_230' title='bbox 822 4180 961 4260; x_wconf 87' lang='lat' dir='ltr'><strong>excepta.</strong></span> <span class='ocrx_word' id='word_1_231' title='bbox 986 4175 1108 4240; x_wconf 75' lang='lat' dir='ltr'><strong>Eodem</strong></span> <span class='ocrx_word' id='word_1_232' title='bbox 1141 4174 1206 4240; x_wconf 89' lang='lat' dir='ltr'><strong>fere</strong></span> <span class='ocrx_word' id='word_1_233' title='bbox 1239 4178 1381 4258; x_wconf 88' lang='lat' dir='ltr'><strong>tempore</strong></span> 
     </span>
    </p>
   </div>
   <div class='ocr_carea' id='block_1_5' title="bbox 0 0 1690 5180">
    <p class='ocr_par' dir='ltr' id='par_1_5' title="bbox 0 0 1690 5180">
     <span class='ocr_line' id='line_1_32' title="bbox 0 0 1690 5180; baseline 0 0"><span class='ocrx_word' id='word_1_234' title='bbox 0 0 1690 5180; x_wconf 95' lang='lat' dir='ltr'><strong> </strong></span> 
     </span>
    </p>
   </div>
  </div>
 </body>
</html>
