3408 5180
879 559 923 627 64

375 789 467 850 eante
497 804 620 868 semper
649 786 681 847 et
710 769 738 846 si
763 803 907 865 unquam
930 780 1009 845 elias
1032 785 1101 844 tum
1137 779 1323 865 praesertim
1350 801 1421 864 per-

376 905 508 990 vulgata
543 908 575 968 et
607 925 626 968 a
660 903 770 968 multis
812 901 952 980 exculta,
989 899 1147 966 statuerit.
1190 899 1421 965 Refelleritne‘?

376 1021 511 1086 Minime
533 1042 625 1098 vero,
645 1042 748 1105 neque
771 1020 803 1084 id
826 1018 919 1084 facile
945 1017 1057 1084 fuisset
1079 1018 1255 1084 maledictis
1279 1037 1418 1103 semper,

376 1141 572 1226 argumentis
598 1161 773 1224 numquam
800 1138 865 1204 fere
892 1139 1039 1204 certanti.
1068 1137 1142 1204 Jam
1159 1138 1236 1204 satis
1264 1159 1421 1224 superque

377 1281 448 1324 eam
478 1281 563 1338 rem,
605 1280 663 1344 pro
693 1257 814 1323 viribus
852 1258 983 1335 saltem,
1016 1256 1159 1341 attigisse
1194 1255 1274 1320 mihi
1313 1255 1422 1320 videor

377 1379 413 1443 in
447 1400 485 1443 ea
516 1382 607 1462 parte
646 1399 726 1462 quse
770 1376 908 1462 pertinet
957 1376 997 1440 sd
1043 1374 1280 1440 Hermotimum
1330 1374 1421 1438 illus-

377 1497 538 1574 trandum.
582 1495 616 1563 Si
650 1495 721 1581 quis
754 1516 792 1559 ex
827 1493 968 1559 Lucieno
1002 1493 1225 1579 quaesivisset,
1272 1494 1349 1579 quid
1383 1493 1422 1558 de

377 1615 492 1682 Stoicis
519 1636 689 1698 eorumque
711 1613 836 1699 placitis
860 1617 1017 1692 censeret,
1042 1614 1119 1678 trita
1132 1613 1188 1677 ills
1204 1617 1236 1678 et
1251 1612 1421 1678 decantata

377 1734 460 1820 apud
484 1756 594 1798 omnes
616 1732 805 1810 audivisset,
830 1734 932 1797 solum
956 1731 1099 1798 Stoicum
1134 1753 1199 1796 esse
1226 1732 1421 1816 sapientem,

378 1855 480 1919 solum
514 1851 700 1937 pulchrum,
724 1851 825 1916 solum
855 1852 996 1935 justum,
1032 1852 1165 1931 fortem,
1196 1851 1356 1916 rhetorem
1390 1855 1423 1916 et

377 1972 533 2058 quidquid
544 1971 718 2056 excogitari
733 1971 842 2055 possit,
866 1971 889 2056 1)
913 1974 984 2034 tum
1007 1970 1127 2054 aliquid
1150 1970 1357 2035 inaudivisset
1384 1970 1422 2036 de
1510 1981 1512 1986 '

379 2115 416 2158 eo
439 2093 524 2177 quod
547 2096 698 2159 vocarent
732 2092 882 2177 διάφορον
906 2096 938 2156 et
960 2091 1145 2175 ἀδιάφορον,
1169 2092 1366 2177 προηγμένον
1390 2095 1423 2156 et
1452 2086 1454 2089 ¹

378 2214 649 2300 ἀποπροηγμένον,
674 2217 821 2301 σύμβαμα
845 2216 877 2276 et
900 2215 1142 2300 παρασύμβαμα,
1167 2211 1337 2296 dequibus
1353 2234 1422 2276 om·

379 2334 474 2399 nibus
486 2357 611 2419 quoque
627 2332 770 2397 venalem
790 2335 988 2418 prostantem
997 2329 1208 2416 Chrysippum
1228 2329 1421 2414 garrientem

378 2454 517 2531 inducit,
541 2458 573 2518 et
595 2453 731 2537 denique
750 2455 819 2550 sepi
843 2457 897 2517 τοῦ
921 2451 1066 2534 ἀοιδίμου
1089 2449 1304 2533 συλλογισμοῦ.
1329 2449 1353 2534 ²)
1377 2449 1422 2514 Et

377 2572 507 2637 tandem
530 2571 665 2636 eundem
680 2572 772 2635 illum
792 2569 1004 2655 Chrysippum
1021 2569 1227 2655 ampullatam
1244 2569 1421 2634 orationem

378 2692 418 2756 ed
429 2690 598 2777 pessimam
618 2690 781 2755 rhetorum
801 2710 944 2755 normam
959 2689 1229 2754 accommodatum
1248 2689 1421 2752 habentem

380 2810 504 2875 audiret
515 2808 540 2896 3)
555 2809 601 2874 ita
613 2814 650 2874 ut
668 2809 728 2874 hae
739 2810 774 2873 in
787 2831 820 2873 re
832 2831 905 2874 vere
916 2809 1018 2874 dicere
1030 2831 1135 2893 posses
1148 2807 1229 2872 nihil
1241 2808 1326 2873 inter
1338 2829 1421 2887 esse,

257 2941 259 2945 ’
385 2927 559 2992 «Davusne
577 2928 727 3012 loquatur
746 2950 789 2991 an
801 2927 893 2992 heros
904 2954 934 3006 s,
951 2927 1068 2992 etenim
1081 2948 1183 3013 genus
1198 2926 1324 2991 dicendi
1336 2925 1422 2990 illius

380 3185 562 3196 u——n—-—a

423 3331 446 3408 ¹)
474 3334 517 3393 Os.
539 3335 663 3393 Vitarum
681 3334 800 3406 Auctio,
831 3335 862 3394 0.
888 3337 936 3394 20.
961 3333 1173 3404 Hermotimus,
1197 3333 1228 3393 0.
1247 3337 1296 3393 16.
1321 3367 1361 3378 -
1377 3333 1419 3394 ef.

379 3437 480 3497 Horat.
504 3437 556 3515 hp.
579 3437 611 3509 Ι,
636 3440 694 3494 106
719 3457 779 3516 sqq.
804 3437 862 3497 Cio.
885 3457 936 3514 pro
958 3437 1096 3508 Murena,
1120 3436 1187 3514 Cap.
1213 3439 1262 3496 29.

420 3537 444 3617 2)
468 3541 526 3599 Vit.
552 3541 635 3600 Aust.
661 3543 715 3611 21,
741 3543 790 3600 22.
813 3541 856 3598 De
878 3541 1049 3618 syllogismis
1065 3541 1100 3599 de
1115 3540 1219 3618 quibus
1234 3540 1314 3618 plura
1329 3540 1420 3599 dicere

377 3647 407 3705 in
431 3645 526 3704 animo
560 3647 602 3700 est
634 3641 668 3700 ad
703 3661 764 3700 eam
798 3647 905 3720 partem
938 3663 1009 3720 quae
1039 3649 1083 3702 est
1104 3643 1139 3701 de
1173 3643 1347 3714 rhetoribus,
1376 3644 1417 3704 Of.

377 3749 500 3818 Znnnun,
512 3745 559 3804 die
570 3745 750 3823 Philosophie
762 3746 811 3804 der
822 3747 974 3818 Grieehen‚
998 3752 1050 3806 eto.
1074 3747 1119 3817 II,
1139 3749 1171 3818 1,
1189 3766 1216 3824 p.
1231 3749 1290 3804 225
1303 3767 1363 3825 sqq.
1377 3781 1418 3793 -

377 3852 425 3936 Cf..
442 3856 583 3928 praeterea
615 3849 649 3907 de
671 3850 831 3909 Stoicorum
854 3850 965 3929 placitis
998 3853 1126 3923 Znnnnn,
1151 3851 1211 3923 111,
1237 3854 1269 3922 1,
1291 3854 1413 3912 32-363

378 3961 405 4013 et
427 3955 462 4013 de
484 3955 586 4012 Stoicis
609 3958 699 4011 aetate
720 3953 908 4031 imperatoris.
932 3954 1007 4013 Ibid.
1034 3956 1217 4024 683-763;
1245 3954 1288 4016 de¹
1302 3955 1416 4014 Graecis

377 4057 521 4117 vocabulis
539 4077 622 4136 supra
640 4056 761 4116 laudatis
784 4057 842 4116 cic.
862 4057 897 4116 de
908 4057 971 4117 Fin.
984 4058 1047 4129 III,
1073 4061 1127 4129 16,
1143 4061 1196 4129 52,
1222 4061 1274 4118 53.
1294 4058 1417 4119 Johsnn.

377 4163 515 4222 Stobaeus
537 4161 646 4221 Ethiea.
669 4161 733 4221 Lib.
756 4160 803 4232 ΙΙ,
828 4164 856 4220 6.
882 4165 909 4220 6.

420 4263 444 4346 ⁸)
467 4267 606 4338 Piscator,
630 4265 661 4330 0,
686 4267 736 4328 22.
