<?xml version="1.0" encoding="UTF-8"?>
<!DOCTYPE html PUBLIC "-//W3C//DTD XHTML 1.0 Transitional//EN"
    "http://www.w3.org/TR/xhtml1/DTD/xhtml1-transitional.dtd">
<html xmlns="http://www.w3.org/1999/xhtml" xml:lang="en" lang="en">
 <head>
  <title>
</title>
<meta http-equiv="Content-Type" content="text/html;charset=utf-8" />
  <meta name='ocr-system' content='tesseract 3.04.00' />
  <meta name='ocr-capabilities' content='ocr_page ocr_carea ocr_par ocr_line ocrx_word'/>
</head>
<body>
  <div class='ocr_page' id='page_1' title='image "./delucianoaequal00marggoog/delucianoaequal00marggoog_0084.png"; bbox 0 0 3408 5180; ppageno 0'>
   <div class='ocr_carea' id='block_1_1' title="bbox 743 561 783 624">
    <p class='ocr_par' dir='ltr' id='par_1_1' title="bbox 743 561 783 624">
     <span class='ocr_line' id='line_1_1' title="bbox 743 561 783 624; baseline 0 0"><span class='ocrx_word' id='word_1_1' title='bbox 743 561 783 624; x_wconf 82' lang='lat'><strong>67</strong></span> 
     </span>
    </p>
   </div>
   <div class='ocr_carea' id='block_1_2' title="bbox 355 774 1240 981">
    <p class='ocr_par' dir='ltr' id='par_1_2' title="bbox 355 774 1240 981">
     <span class='ocr_line' id='line_1_2' title="bbox 356 774 1124 861; baseline 0 -21"><span class='ocrx_word' id='word_1_2' title='bbox 356 776 482 841; x_wconf 86' lang='lat' dir='ltr'><strong>Dicitur</strong></span> <span class='ocrx_word' id='word_1_3' title='bbox 505 796 542 840; x_wconf 85' lang='lat' dir='ltr'><strong>ex</strong></span> <span class='ocrx_word' id='word_1_4' title='bbox 565 776 645 840; x_wconf 92' lang='lat' dir='ltr'><strong>collo</strong></span> <span class='ocrx_word' id='word_1_5' title='bbox 667 774 779 840; x_wconf 82' lang='lat' dir='ltr'><strong>furtim</strong></span> <span class='ocrx_word' id='word_1_6' title='bbox 801 776 953 861; x_wconf 77' lang='lat' dir='ltr'><strong>carpsisse</strong></span> <span class='ocrx_word' id='word_1_7' title='bbox 976 797 1124 854; x_wconf 85' lang='lat' dir='ltr'><strong>corones,</strong></span> 
     </span>
     <span class='ocr_line' id='line_1_3' title="bbox 355 895 1240 981; baseline 0 -21"><span class='ocrx_word' id='word_1_8' title='bbox 355 895 527 980; x_wconf 82' lang='lat' dir='ltr'><strong>Postquam</strong></span> <span class='ocrx_word' id='word_1_9' title='bbox 545 900 593 962; x_wconf 90' lang='lat' dir='ltr'><strong>est</strong></span> <span class='ocrx_word' id='word_1_10' title='bbox 606 895 763 981; x_wconf 77' lang='lat' dir='ltr'>impransi</span> <span class='ocrx_word' id='word_1_11' title='bbox 778 899 940 981; x_wconf 85' lang='lat' dir='ltr'><strong>correptus</strong></span> <span class='ocrx_word' id='word_1_12' title='bbox 955 918 1032 962; x_wconf 83' lang='lat' dir='ltr'><strong>voce</strong></span> <span class='ocrx_word' id='word_1_13' title='bbox 1046 895 1204 981; x_wconf 75' lang='lat' dir='ltr'><strong>magistri.</strong></span> <span class='ocrx_word' id='word_1_14' title='bbox 1216 895 1240 979; x_wconf 80' lang='lat'><strong>¹)</strong></span> 
     </span>
    </p>
   </div>
   <div class='ocr_carea' id='block_1_3' title="bbox 245 1073 1370 3309">
    <p class='ocr_par' dir='ltr' id='par_1_3' title="bbox 245 1073 1370 3309">
     <span class='ocr_line' id='line_1_4' title="bbox 289 1073 1287 1161; baseline -0.004 -21"><span class='ocrx_word' id='word_1_15' title='bbox 289 1076 462 1141; x_wconf 80' lang='lat' dir='ltr'><strong>Academia</strong></span> <span class='ocrx_word' id='word_1_16' title='bbox 494 1077 555 1142; x_wconf 87' lang='lat' dir='ltr'><strong>hac</strong></span> <span class='ocrx_word' id='word_1_17' title='bbox 581 1078 616 1141; x_wconf 92' lang='lat' dir='ltr'><strong>in</strong></span> <span class='ocrx_word' id='word_1_18' title='bbox 649 1098 745 1141; x_wconf 90' lang='lat' dir='ltr'><strong>causa</strong></span> <span class='ocrx_word' id='word_1_19' title='bbox 774 1075 875 1161; x_wconf 88' lang='lat' dir='ltr'><strong>igitur</strong></span> <span class='ocrx_word' id='word_1_20' title='bbox 905 1076 1095 1141; x_wconf 86' lang='lat' dir='ltr'><strong>accusatoris</strong></span> <span class='ocrx_word' id='word_1_21' title='bbox 1124 1075 1193 1141; x_wconf 86' lang='lat' dir='ltr'><strong>vice</strong></span> <span class='ocrx_word' id='word_1_22' title='bbox 1214 1073 1287 1137; x_wconf 83' lang='lat' dir='ltr'><strong>fun·</strong></span> 
     </span>
     <span class='ocr_line' id='line_1_5' title="bbox 245 1194 1288 1280; baseline -0.004 -20"><span class='ocrx_word' id='word_1_23' title='bbox 245 1195 350 1280; x_wconf 87' lang='lat' dir='ltr'><strong>gitur,</strong></span> <span class='ocrx_word' id='word_1_24' title='bbox 376 1195 552 1260; x_wconf 70' lang='lat' dir='ltr'><strong>accusatori</strong></span> <span class='ocrx_word' id='word_1_25' title='bbox 571 1198 677 1260; x_wconf 86' lang='lat' dir='ltr'><strong>autem</strong></span> <span class='ocrx_word' id='word_1_26' title='bbox 689 1195 749 1260; x_wconf 88' lang='lat' dir='ltr'><strong>hoc</strong></span> <span class='ocrx_word' id='word_1_27' title='bbox 760 1199 843 1260; x_wconf 88' lang='lat' dir='ltr'><strong>certe</strong></span> <span class='ocrx_word' id='word_1_28' title='bbox 855 1195 1052 1260; x_wconf 90' lang='lat' dir='ltr'><strong>efficiendum</strong></span> <span class='ocrx_word' id='word_1_29' title='bbox 1065 1199 1112 1260; x_wconf 89' lang='lat' dir='ltr'><strong>est</strong></span> <span class='ocrx_word' id='word_1_30' title='bbox 1124 1198 1160 1258; x_wconf 87' lang='lat' dir='ltr'><strong>ut</strong></span> <span class='ocrx_word' id='word_1_31' title='bbox 1171 1194 1288 1258; x_wconf 86' lang='lat' dir='ltr'><strong>habeat</strong></span> 
     </span>
     <span class='ocr_line' id='line_1_6' title="bbox 246 1293 1287 1398; baseline -0.002 -20"><span class='ocrx_word' id='word_1_32' title='bbox 246 1335 308 1398; x_wconf 93' lang='lat' dir='ltr'><strong>quo</strong></span> <span class='ocrx_word' id='word_1_33' title='bbox 317 1313 451 1392; x_wconf 86' lang='lat' dir='ltr'><strong>nitatur,</strong></span> <span class='ocrx_word' id='word_1_34' title='bbox 460 1314 544 1378; x_wconf 89' lang='lat' dir='ltr'><strong>unde</strong></span> <span class='ocrx_word' id='word_1_35' title='bbox 559 1313 771 1378; x_wconf 84' lang='lat' dir='ltr'><strong>adversarium</strong></span> <span class='ocrx_word' id='word_1_36' title='bbox 785 1316 891 1398; x_wconf 89' lang='lat' dir='ltr'><strong>petere</strong></span> <span class='ocrx_word' id='word_1_37' title='bbox 902 1313 1018 1398; x_wconf 84' lang='lat' dir='ltr'><strong>possit3</strong></span> <span class='ocrx_word' id='word_1_38' title='bbox 1030 1293 1169 1378; x_wconf 86' lang='lat' dir='ltr'><strong>habebat</strong></span> <span class='ocrx_word' id='word_1_39' title='bbox 1181 1316 1287 1377; x_wconf 88' lang='lat' dir='ltr'><strong>autem</strong></span> 
     </span>
     <span class='ocr_line' id='line_1_7' title="bbox 247 1431 1287 1517; baseline 0 -23"><span class='ocrx_word' id='word_1_40' title='bbox 247 1431 323 1512; x_wconf 84' lang='lat' dir='ltr'><strong>hoc,</strong></span> <span class='ocrx_word' id='word_1_41' title='bbox 346 1436 490 1517; x_wconf 89' lang='lat' dir='ltr'><strong>utsupra</strong></span> <span class='ocrx_word' id='word_1_42' title='bbox 502 1432 622 1497; x_wconf 91' lang='lat' dir='ltr'><strong>dietum</strong></span> <span class='ocrx_word' id='word_1_43' title='bbox 634 1436 691 1510; x_wconf 87' lang='lat' dir='ltr'><strong>est,</strong></span> <span class='ocrx_word' id='word_1_44' title='bbox 704 1433 808 1497; x_wconf 88' lang='lat' dir='ltr'><strong>media</strong></span> <span class='ocrx_word' id='word_1_45' title='bbox 823 1437 856 1497; x_wconf 90' lang='lat' dir='ltr'><strong>et</strong></span> <span class='ocrx_word' id='word_1_46' title='bbox 871 1454 954 1497; x_wconf 88' lang='lat' dir='ltr'><strong>nova</strong></span> <span class='ocrx_word' id='word_1_47' title='bbox 970 1432 1139 1497; x_wconf 82' lang='lat' dir='ltr'><strong>Academia</strong></span> <span class='ocrx_word' id='word_1_48' title='bbox 1154 1437 1191 1495; x_wconf 89' lang='lat' dir='ltr'><strong>ut</strong></span> <span class='ocrx_word' id='word_1_49' title='bbox 1205 1431 1287 1495; x_wconf 88' lang='lat' dir='ltr'><strong>nihil</strong></span> 
     </span>
     <span class='ocr_line' id='line_1_8' title="bbox 247 1552 1370 1638; baseline -0.002 -22"><span class='ocrx_word' id='word_1_50' title='bbox 247 1574 304 1637; x_wconf 92' lang='lat' dir='ltr'><strong>pro</strong></span> <span class='ocrx_word' id='word_1_51' title='bbox 327 1555 413 1617; x_wconf 86' lang='lat' dir='ltr'><strong>certo</strong></span> <span class='ocrx_word' id='word_1_52' title='bbox 437 1553 538 1618; x_wconf 87' lang='lat' dir='ltr'><strong>dicere</strong></span> <span class='ocrx_word' id='word_1_53' title='bbox 559 1557 682 1638; x_wconf 87' lang='lat' dir='ltr'><strong>posset,</strong></span> <span class='ocrx_word' id='word_1_54' title='bbox 705 1575 804 1638; x_wconf 90' lang='lat' dir='ltr'><strong>quare</strong></span> <span class='ocrx_word' id='word_1_55' title='bbox 822 1552 997 1618; x_wconf 89' lang='lat' dir='ltr'><strong>necessario</strong></span> <span class='ocrx_word' id='word_1_56' title='bbox 1017 1562 1127 1619; x_wconf 87' lang='lat' dir='ltr'><strong>contra</strong></span> <span class='ocrx_word' id='word_1_57' title='bbox 1144 1552 1287 1617; x_wconf 90' lang='lat' dir='ltr'><strong>omnium</strong></span> <span class='ocrx_word' id='word_1_58' title='bbox 1363 1604 1370 1614; x_wconf 90' lang='lat'><strong>.</strong></span> 
     </span>
     <span class='ocr_line' id='line_1_9' title="bbox 247 1670 1288 1756; baseline 0.001 -22"><span class='ocrx_word' id='word_1_59' title='bbox 247 1670 420 1735; x_wconf 88' lang='lat' dir='ltr'><strong>sententias</strong></span> <span class='ocrx_word' id='word_1_60' title='bbox 434 1670 470 1735; x_wconf 91' lang='lat' dir='ltr'><strong>in</strong></span> <span class='ocrx_word' id='word_1_61' title='bbox 484 1675 653 1756; x_wconf 88' lang='lat' dir='ltr'><strong>utramque</strong></span> <span class='ocrx_word' id='word_1_62' title='bbox 668 1675 791 1755; x_wconf 90' lang='lat' dir='ltr'><strong>partem</strong></span> <span class='ocrx_word' id='word_1_63' title='bbox 808 1671 857 1734; x_wconf 88' lang='lat' dir='ltr'><strong>illi</strong></span> <span class='ocrx_word' id='word_1_64' title='bbox 871 1671 1098 1756; x_wconf 84' lang='lat' dir='ltr'><strong>disputandum</strong></span> <span class='ocrx_word' id='word_1_65' title='bbox 1110 1675 1167 1737; x_wconf 87' lang='lat' dir='ltr'><strong>cst.</strong></span> <span class='ocrx_word' id='word_1_66' title='bbox 1179 1670 1288 1735; x_wconf 90' lang='lat' dir='ltr'><strong>Primo</strong></span> 
     </span>
     <span class='ocr_line' id='line_1_10' title="bbox 247 1789 1288 1876; baseline 0.002 -24"><span class='ocrx_word' id='word_1_67' title='bbox 247 1789 347 1874; x_wconf 89' lang='lat' dir='ltr'><strong>igitur</strong></span> <span class='ocrx_word' id='word_1_68' title='bbox 377 1812 434 1874; x_wconf 91' lang='lat' dir='ltr'><strong>pro</strong></span> <span class='ocrx_word' id='word_1_69' title='bbox 468 1789 620 1854; x_wconf 86' lang='lat' dir='ltr'><strong>ebrietate</strong></span> <span class='ocrx_word' id='word_1_70' title='bbox 653 1790 757 1856; x_wconf 90' lang='lat' dir='ltr'><strong>dicere</strong></span> <span class='ocrx_word' id='word_1_71' title='bbox 778 1790 910 1875; x_wconf 90' lang='lat' dir='ltr'><strong>incipit,</strong></span> <span class='ocrx_word' id='word_1_72' title='bbox 947 1790 1060 1856; x_wconf 90' lang='lat' dir='ltr'><strong>deinde</strong></span> <span class='ocrx_word' id='word_1_73' title='bbox 1082 1812 1140 1876; x_wconf 90' lang='lat' dir='ltr'><strong>pro</strong></span> <span class='ocrx_word' id='word_1_74' title='bbox 1163 1813 1195 1856; x_wconf 90' lang='lat' dir='ltr'><strong>se</strong></span> <span class='ocrx_word' id='word_1_75' title='bbox 1218 1791 1288 1875; x_wconf 90' lang='lat' dir='ltr'><strong>ipsa</strong></span> 
     </span>
     <span class='ocr_line' id='line_1_11' title="bbox 247 1908 1288 1995; baseline 0.002 -23"><span class='ocrx_word' id='word_1_76' title='bbox 247 1908 448 1992; x_wconf 88' lang='lat' dir='ltr'><strong>perfidissimi</strong></span> <span class='ocrx_word' id='word_1_77' title='bbox 470 1909 620 1974; x_wconf 83' lang='lat' dir='ltr'><strong>causidici</strong></span> <span class='ocrx_word' id='word_1_78' title='bbox 639 1909 689 1974; x_wconf 89' lang='lat' dir='ltr'><strong>vel</strong></span> <span class='ocrx_word' id='word_1_79' title='bbox 711 1909 972 1995; x_wconf 85' lang='lat' dir='ltr'><strong>praevaricatoris</strong></span> <span class='ocrx_word' id='word_1_80' title='bbox 994 1910 1114 1989; x_wconf 87' lang='lat' dir='ltr'><strong>instar,</strong></span> <span class='ocrx_word' id='word_1_81' title='bbox 1138 1910 1194 1994; x_wconf 89' lang='lat' dir='ltr'><strong>qui</strong></span> <span class='ocrx_word' id='word_1_82' title='bbox 1221 1931 1288 1974; x_wconf 90' lang='lat' dir='ltr'><strong>non</strong></span> 
     </span>
     <span class='ocr_line' id='line_1_12' title="bbox 247 2013 1286 2113; baseline 0.005 -24"><span class='ocrx_word' id='word_1_83' title='bbox 247 2027 280 2090; x_wconf 94' lang='lat' dir='ltr'><strong>id</strong></span> <span class='ocrx_word' id='word_1_84' title='bbox 311 2027 512 2111; x_wconf 90' lang='lat' dir='ltr'><strong>potissimum</strong></span> <span class='ocrx_word' id='word_1_85' title='bbox 532 2026 592 2093; x_wconf 89' lang='lat' dir='ltr'><strong>sibi</strong></span> <span class='ocrx_word' id='word_1_86' title='bbox 614 2027 812 2113; x_wconf 90' lang='lat' dir='ltr'><strong>propositum</strong></span> <span class='ocrx_word' id='word_1_87' title='bbox 834 2028 949 2092; x_wconf 88' lang='lat' dir='ltr'><strong>habeat</strong></span> <span class='ocrx_word' id='word_1_88' title='bbox 976 2031 1015 2092; x_wconf 87' lang='lat' dir='ltr'><strong>ut</strong></span> <span class='ocrx_word' id='word_1_89' title='bbox 1040 2031 1075 2094; x_wconf 88' lang='grc' dir='ltr'>τό</span> <span class='ocrx_word' id='word_1_90' title='bbox 1101 2023 1136 2094; x_wconf 73' lang='grc' dir='ltr'><strong>εὖ</strong></span> <span class='ocrx_word' id='word_1_91' title='bbox 1157 2013 1286 2112; x_wconf 63' lang='lat' dir='ltr'><strong>itaqua,</strong></span> 
     </span>
     <span class='ocr_line' id='line_1_13' title="bbox 247 2128 1291 2231; baseline 0.004 -23"><span class='ocrx_word' id='word_1_92' title='bbox 247 2128 360 2209; x_wconf 32' lang='lat' dir='ltr'><strong>verum·</strong></span> <span class='ocrx_word' id='word_1_93' title='bbox 379 2149 417 2209; x_wconf 92' lang='lat' dir='ltr'><strong>ut</strong></span> <span class='ocrx_word' id='word_1_94' title='bbox 439 2146 586 2210; x_wconf 89' lang='lat' dir='ltr'><strong>ostendat</strong></span> <span class='ocrx_word' id='word_1_95' title='bbox 609 2168 736 2211; x_wconf 90' lang='lat' dir='ltr'><strong>omnem</strong></span> <span class='ocrx_word' id='word_1_96' title='bbox 759 2168 887 2211; x_wconf 87' lang='lat' dir='ltr'><strong>causam</strong></span> <span class='ocrx_word' id='word_1_97' title='bbox 910 2147 1057 2231; x_wconf 82' lang='lat' dir='ltr'><strong>quemvis</strong></span> <span class='ocrx_word' id='word_1_98' title='bbox 1078 2147 1233 2212; x_wconf 85' lang='lat' dir='ltr'><strong>lubricam</strong></span> <span class='ocrx_word' id='word_1_99' title='bbox 1258 2152 1291 2212; x_wconf 88' lang='lat' dir='ltr'><strong>et</strong></span> 
     </span>
     <span class='ocr_line' id='line_1_14' title="bbox 248 2263 1289 2350; baseline 0.002 -23"><span class='ocrx_word' id='word_1_100' title='bbox 248 2263 405 2347; x_wconf 89' lang='lat' dir='ltr'><strong>abjectam</strong></span> <span class='ocrx_word' id='word_1_101' title='bbox 435 2263 633 2350; x_wconf 71' lang='lat' dir='ltr'><strong>argumentis</strong></span> <span class='ocrx_word' id='word_1_102' title='bbox 663 2269 836 2349; x_wconf 87' lang='lat' dir='ltr'><strong>utcumque</strong></span> <span class='ocrx_word' id='word_1_103' title='bbox 859 2266 981 2349; x_wconf 86' lang='lat' dir='ltr'><strong>argutis</strong></span> <span class='ocrx_word' id='word_1_104' title='bbox 1004 2269 1099 2349; x_wconf 86' lang='lat' dir='ltr'><strong>atque</strong></span> <span class='ocrx_word' id='word_1_105' title='bbox 1122 2265 1289 2330; x_wconf 87' lang='lat' dir='ltr'><strong>fallacibus</strong></span> 
     </span>
     <span class='ocr_line' id='line_1_15' title="bbox 248 2382 1287 2469; baseline 0.004 -22"><span class='ocrx_word' id='word_1_106' title='bbox 248 2382 366 2448; x_wconf 91' lang='lat' dir='ltr'><strong>muniri</strong></span> <span class='ocrx_word' id='word_1_107' title='bbox 389 2405 489 2468; x_wconf 89' lang='lat' dir='ltr'><strong>posse.</strong></span> <span class='ocrx_word' id='word_1_108' title='bbox 513 2383 536 2469; x_wconf 80' lang='lat'><strong>¹)</strong></span> <span class='ocrx_word' id='word_1_109' title='bbox 566 2383 678 2469; x_wconf 87' lang='lat' dir='ltr'><strong>Neque</strong></span> <span class='ocrx_word' id='word_1_110' title='bbox 700 2389 810 2449; x_wconf 90' lang='lat' dir='ltr'><strong>tamen</strong></span> <span class='ocrx_word' id='word_1_111' title='bbox 832 2383 973 2449; x_wconf 79' lang='lat' dir='ltr'><strong>Lucieno</strong></span> <span class='ocrx_word' id='word_1_112' title='bbox 996 2384 1073 2449; x_wconf 86' lang='lat' dir='ltr'><strong>satis</strong></span> <span class='ocrx_word' id='word_1_113' title='bbox 1096 2389 1144 2450; x_wconf 90' lang='lat' dir='ltr'><strong>est</strong></span> <span class='ocrx_word' id='word_1_114' title='bbox 1165 2389 1200 2449; x_wconf 86' lang='grc' dir='ltr'>τὸ</span> <span class='ocrx_word' id='word_1_115' title='bbox 1224 2390 1287 2452; x_wconf 75' lang='grc' dir='ltr'><strong>τῶν</strong></span> 
     </span>
     <span class='ocr_line' id='line_1_16' title="bbox 248 2503 1289 2592; baseline 0.001 -24"><span class='ocrx_word' id='word_1_116' title='bbox 248 2504 501 2588; x_wconf 75' lang='grc' dir='ltr'><strong><em>Ἀκαδημαϊκῶν</em></strong></span> <span class='ocrx_word' id='word_1_117' title='bbox 526 2506 648 2592; x_wconf 79' lang='grc' dir='ltr'>ἐπέχειν</span> <span class='ocrx_word' id='word_1_118' title='bbox 672 2505 726 2568; x_wconf 92' lang='lat' dir='ltr'><strong>illo</strong></span> <span class='ocrx_word' id='word_1_119' title='bbox 750 2503 901 2589; x_wconf 87' lang='lat' dir='ltr'><strong>ambiguo</strong></span> <span class='ocrx_word' id='word_1_120' title='bbox 914 2508 946 2568; x_wconf 91' lang='lat' dir='ltr'><strong>et</strong></span> <span class='ocrx_word' id='word_1_121' title='bbox 957 2504 1090 2589; x_wconf 88' lang='lat' dir='ltr'><strong>ancipiti</strong></span> <span class='ocrx_word' id='word_1_122' title='bbox 1105 2505 1289 2591; x_wconf 88' lang='lat' dir='ltr'><strong>disputandi</strong></span> 
     </span>
     <span class='ocr_line' id='line_1_17' title="bbox 248 2623 1289 2708; baseline -0.001 -20"><span class='ocrx_word' id='word_1_123' title='bbox 248 2643 363 2708; x_wconf 80' lang='lat' dir='ltr'><strong>genere</strong></span> <span class='ocrx_word' id='word_1_124' title='bbox 396 2623 432 2688; x_wconf 92' lang='lat' dir='ltr'><strong>in</strong></span> <span class='ocrx_word' id='word_1_125' title='bbox 463 2623 631 2689; x_wconf 90' lang='lat' dir='ltr'><strong>ridiculum</strong></span> <span class='ocrx_word' id='word_1_126' title='bbox 662 2623 809 2705; x_wconf 83' lang='lat' dir='ltr'><strong>vertisse,</strong></span> <span class='ocrx_word' id='word_1_127' title='bbox 852 2624 943 2707; x_wconf 88' lang='lat' dir='ltr'><strong>plura</strong></span> <span class='ocrx_word' id='word_1_128' title='bbox 973 2624 1070 2690; x_wconf 89' lang='lat' dir='ltr'><strong>etiam</strong></span> <span class='ocrx_word' id='word_1_129' title='bbox 1098 2623 1289 2690; x_wconf 85' lang='lat' dir='ltr'><strong>Academiae</strong></span> 
     </span>
     <span class='ocr_line' id='line_1_18' title="bbox 247 2741 1297 2832; baseline 0.002 -24"><span class='ocrx_word' id='word_1_130' title='bbox 247 2741 375 2829; x_wconf 90' lang='lat' dir='ltr'><strong>eiusque</strong></span> <span class='ocrx_word' id='word_1_131' title='bbox 404 2744 611 2809; x_wconf 88' lang='lat' dir='ltr'><strong>sectatoribus</strong></span> <span class='ocrx_word' id='word_1_132' title='bbox 641 2745 826 2830; x_wconf 85' lang='lat' dir='ltr'><strong>perferenda</strong></span> <span class='ocrx_word' id='word_1_133' title='bbox 848 2755 933 2813; x_wconf 88' lang='lat' dir='ltr'><strong>sunt.</strong></span> <span class='ocrx_word' id='word_1_134' title='bbox 956 2746 1107 2832; x_wconf 83' lang='lat' dir='ltr'><strong>Legimus</strong></span> <span class='ocrx_word' id='word_1_135' title='bbox 1129 2746 1164 2810; x_wconf 92' lang='lat' dir='ltr'><strong>in</strong></span> <span class='ocrx_word' id='word_1_136' title='bbox 1187 2746 1297 2811; x_wconf 85' lang='lat' dir='ltr'><strong>Verae</strong></span> 
     </span>
     <span class='ocr_line' id='line_1_19' title="bbox 248 2863 1287 2953; baseline 0.002 -25"><span class='ocrx_word' id='word_1_137' title='bbox 248 2863 408 2928; x_wconf 84' lang='lat' dir='ltr'><strong>Historiae</strong></span> <span class='ocrx_word' id='word_1_138' title='bbox 434 2865 517 2929; x_wconf 87' lang='lat' dir='ltr'><strong>libro</strong></span> <span class='ocrx_word' id='word_1_139' title='bbox 540 2866 677 2931; x_wconf 86' lang='lat' dir='ltr'><strong>seeundo</strong></span> <span class='ocrx_word' id='word_1_140' title='bbox 699 2865 726 2953; x_wconf 77' lang='lat'><strong>⁸)</strong></span> <span class='ocrx_word' id='word_1_141' title='bbox 748 2869 819 2943; x_wconf 75' lang='grc' dir='ltr'><strong><em>τούς</em></strong></span> <span class='ocrx_word' id='word_1_142' title='bbox 843 2866 872 2932; x_wconf 85' lang='lat' dir='ltr'><strong>d’</strong></span> <span class='ocrx_word' id='word_1_143' title='bbox 895 2867 1155 2952; x_wconf 77' lang='grc' dir='ltr'><strong><em>Ἀκαδημαϊκούς</em></strong></span> <span class='ocrx_word' id='word_1_144' title='bbox 1179 2865 1287 2944; x_wconf 70' lang='grc' dir='ltr'><em>ἔλεγον</em></span> 
     </span>
     <span class='ocr_line' id='line_1_20' title="bbox 249 2982 1289 3072; baseline 0 -24"><span class='ocrx_word' id='word_1_145' title='bbox 249 2982 371 3050; x_wconf 75' lang='grc' dir='ltr'><strong>ἐθέλειν</strong></span> <span class='ocrx_word' id='word_1_146' title='bbox 394 2987 452 3066; x_wconf 73' lang='grc' dir='ltr'><strong>μὲν</strong></span> <span class='ocrx_word' id='word_1_147' title='bbox 477 2983 584 3051; x_wconf 74' lang='grc' dir='ltr'><em>ἐλθεῖν</em></span> <span class='ocrx_word' id='word_1_148' title='bbox 608 2984 687 3070; x_wconf 84' lang='lat' dir='ltr'><strong>(scil.</strong></span> <span class='ocrx_word' id='word_1_149' title='bbox 711 2986 747 3050; x_wconf 90' lang='lat' dir='ltr'><strong>in</strong></span> <span class='ocrx_word' id='word_1_150' title='bbox 769 2987 879 3050; x_wconf 85' lang='lat' dir='ltr'><strong>beatas</strong></span> <span class='ocrx_word' id='word_1_151' title='bbox 901 2987 1032 3064; x_wconf 80' lang='lat' dir='ltr'><strong>insulas)</strong></span> <span class='ocrx_word' id='word_1_152' title='bbox 1056 2987 1179 3072; x_wconf 71' lang='grc' dir='ltr'><strong><em>ἐπέχειν</em></strong></span> <span class='ocrx_word' id='word_1_153' title='bbox 1201 2985 1289 3051; x_wconf 72' lang='grc' dir='ltr'><strong><em>δ’ἕτι</em></strong></span> 
     </span>
     <span class='ocr_line' id='line_1_21' title="bbox 248 3103 1288 3195; baseline 0.005 -27"><span class='ocrx_word' id='word_1_154' title='bbox 248 3107 301 3168; x_wconf 84' lang='grc' dir='ltr'><strong>καὶ</strong></span> <span class='ocrx_word' id='word_1_155' title='bbox 326 3103 582 3185; x_wconf 75' lang='grc' dir='ltr'><strong><em>διασκέπτεσθαι,</em></strong></span> <span class='ocrx_word' id='word_1_156' title='bbox 598 3105 676 3188; x_wconf 78' lang='grc' dir='ltr'><strong>μηδὲ</strong></span> <span class='ocrx_word' id='word_1_157' title='bbox 692 3109 751 3191; x_wconf 82' lang='grc' dir='ltr'><strong>γὰρ</strong></span> <span class='ocrx_word' id='word_1_158' title='bbox 768 3106 844 3172; x_wconf 78' lang='grc' dir='ltr'><strong><em>αὐτὸ</em></strong></span> <span class='ocrx_word' id='word_1_159' title='bbox 860 3107 952 3173; x_wconf 83' lang='grc' dir='ltr'><strong><em>τοῦτό</em></strong></span> <span class='ocrx_word' id='word_1_160' title='bbox 967 3134 1016 3172; x_wconf 85' lang='grc' dir='ltr'><strong>πω</strong></span> <span class='ocrx_word' id='word_1_161' title='bbox 1032 3107 1288 3195; x_wconf 72' lang='grc' dir='ltr'><strong><em>καταλαμβάνειν</em></strong></span> 
     </span>
     <span class='ocr_line' id='line_1_22' title="bbox 249 3222 1290 3309; baseline 0.001 -22"><span class='ocrx_word' id='word_1_162' title='bbox 249 3227 275 3287; x_wconf 76' lang='grc' dir='ltr'><strong>εἰ</strong></span> <span class='ocrx_word' id='word_1_163' title='bbox 293 3225 345 3286; x_wconf 81' lang='grc' dir='ltr'><strong>καὶ</strong></span> <span class='ocrx_word' id='word_1_164' title='bbox 361 3223 453 3305; x_wconf 76' lang='grc' dir='ltr'><strong><em>νῆσός</em></strong></span> <span class='ocrx_word' id='word_1_165' title='bbox 467 3248 515 3297; x_wconf 83' lang='grc' dir='ltr'><strong>τις</strong></span> <span class='ocrx_word' id='word_1_166' title='bbox 531 3228 661 3306; x_wconf 67' lang='grc' dir='ltr'><strong><em>τοιαύτη</em></strong></span> <span class='ocrx_word' id='word_1_167' title='bbox 677 3223 771 3289; x_wconf 77' lang='grc' dir='ltr'><strong><em>ἐστίν.</em></strong></span> <span class='ocrx_word' id='word_1_168' title='bbox 801 3222 977 3308; x_wconf 76' lang='lat' dir='ltr'><strong>Aliquanto</strong></span> <span class='ocrx_word' id='word_1_169' title='bbox 1001 3226 1072 3309; x_wconf 91' lang='lat' dir='ltr'><strong>plus</strong></span> <span class='ocrx_word' id='word_1_170' title='bbox 1095 3224 1290 3290; x_wconf 83' lang='lat' dir='ltr'><strong>reverentiae</strong></span> 
     </span>
    </p>
   </div>
   <div class='ocr_carea' id='block_1_4' title="bbox 248 3315 1289 3430">
    <p class='ocr_par' dir='ltr' id='par_1_4' title="bbox 248 3315 1289 3430">
     <span class='ocr_line' id='line_1_23' title="bbox 248 3315 1289 3430; baseline 0.008 -26"><span class='ocrx_word' id='word_1_171' title='bbox 248 3341 403 3405; x_wconf 85' lang='lat' dir='ltr'><strong>tribuitur</strong></span> <span class='ocrx_word' id='word_1_172' title='bbox 424 3341 498 3406; x_wconf 92' lang='lat' dir='ltr'><strong>Ioni</strong></span> <span class='ocrx_word' id='word_1_173' title='bbox 520 3342 710 3407; x_wconf 88' lang='lat' dir='ltr'><strong>Academico</strong></span> <span class='ocrx_word' id='word_1_174' title='bbox 733 3342 768 3406; x_wconf 90' lang='lat' dir='ltr'><strong>iu</strong></span> <span class='ocrx_word' id='word_1_175' title='bbox 789 3339 961 3422; x_wconf 77' lang='lat' dir='ltr'><strong>Convivis,</strong></span> <span class='ocrx_word' id='word_1_176' title='bbox 978 3315 1096 3428; x_wconf 78' lang='lat' dir='ltr'><strong>quiesi</strong></span> <span class='ocrx_word' id='word_1_177' title='bbox 1112 3346 1289 3430; x_wconf 71' lang='lat' dir='ltr'><strong>certedrtp</strong></span> 
     </span>
    </p>
   </div>
   <div class='ocr_carea' id='block_1_5' title="bbox 248 3459 1336 3560">
    <p class='ocr_par' dir='ltr' id='par_1_5' title="bbox 248 3459 1336 3560">
     <span class='ocr_line' id='line_1_24' title="bbox 248 3459 1336 3560; baseline 0.001 -35"><span class='ocrx_word' id='word_1_178' title='bbox 248 3459 342 3536; x_wconf 80' lang='grc' dir='ltr'><strong><em>καλὸς</em></strong></span> <span class='ocrx_word' id='word_1_179' title='bbox 358 3463 501 3541; x_wconf 72' lang='grc' dir='ltr'><strong><em>κάγαθός</em></strong></span> <span class='ocrx_word' id='word_1_180' title='bbox 514 3459 599 3526; x_wconf 88' lang='lat' dir='ltr'><strong>inter</strong></span> <span class='ocrx_word' id='word_1_181' title='bbox 610 3460 827 3546; x_wconf 89' lang='lat' dir='ltr'><strong>spurcissimos</strong></span> <span class='ocrx_word' id='word_1_182' title='bbox 838 3461 910 3526; x_wconf 90' lang='lat' dir='ltr'><strong>illos</strong></span> <span class='ocrx_word' id='word_1_183' title='bbox 923 3466 955 3526; x_wconf 92' lang='lat' dir='ltr'><strong>et</strong></span> <span class='ocrx_word' id='word_1_184' title='bbox 966 3462 1105 3546; x_wconf 88' lang='lat' dir='ltr'><strong>perditos</strong></span> <span class='ocrx_word' id='word_1_185' title='bbox 1121 3461 1289 3541; x_wconf 81' lang='lat' dir='ltr'><strong>convivas3</strong></span> <span class='ocrx_word' id='word_1_186' title='bbox 1334 3555 1336 3560; x_wconf 23' lang='grc' dir='ltr'>Ι</span> 
     </span>
    </p>
   </div>
   <div class='ocr_carea' id='block_1_6' title="bbox 247 3720 1292 4320">
    <p class='ocr_par' dir='ltr' id='par_1_6' title="bbox 292 3720 1288 3806">
     <span class='ocr_line' id='line_1_25' title="bbox 292 3720 1288 3806; baseline 0.004 -22"><span class='ocrx_word' id='word_1_187' title='bbox 292 3720 316 3800; x_wconf 92' lang='lat'><strong>1)</strong></span> <span class='ocrx_word' id='word_1_188' title='bbox 338 3725 410 3785; x_wconf 90' lang='lat' dir='ltr'><strong>Hor.</strong></span> <span class='ocrx_word' id='word_1_189' title='bbox 423 3725 540 3797; x_wconf 77' lang='lat' dir='ltr'><strong>saun,</strong></span> <span class='ocrx_word' id='word_1_190' title='bbox 559 3730 592 3798; x_wconf 84' lang='grc'><strong>3,</strong></span> <span class='ocrx_word' id='word_1_191' title='bbox 610 3729 670 3787; x_wconf 78' lang='lat'><strong>254</strong></span> <span class='ocrx_word' id='word_1_192' title='bbox 682 3746 743 3804; x_wconf 88' lang='lat' dir='ltr'><strong>sqq.</strong></span> <span class='ocrx_word' id='word_1_193' title='bbox 757 3759 797 3770; x_wconf 93' lang='lat'><em>-</em></span> <span class='ocrx_word' id='word_1_194' title='bbox 809 3727 850 3786; x_wconf 82' lang='lat' dir='ltr'><strong>of.</strong></span> <span class='ocrx_word' id='word_1_195' title='bbox 864 3727 950 3804; x_wconf 86' lang='lat' dir='ltr'><strong>Diog.</strong></span> <span class='ocrx_word' id='word_1_196' title='bbox 963 3725 1055 3786; x_wconf 79' lang='lat' dir='ltr'><strong>Lusit.</strong></span> <span class='ocrx_word' id='word_1_197' title='bbox 1068 3727 1119 3799; x_wconf 88' lang='lat' dir='ltr'><strong>IV,</strong></span> <span class='ocrx_word' id='word_1_198' title='bbox 1134 3731 1161 3798; x_wconf 82' lang='lat'><strong>3,</strong></span> <span class='ocrx_word' id='word_1_199' title='bbox 1177 3730 1214 3786; x_wconf 74' lang='lat' dir='ltr'><strong>lc</strong></span> <span class='ocrx_word' id='word_1_200' title='bbox 1228 3747 1288 3806; x_wconf 89' lang='lat' dir='ltr'><strong>sqq.</strong></span> 
     </span>
    </p>

    <p class='ocr_par' dir='ltr' id='par_1_7' title="bbox 247 3824 1292 4219">
     <span class='ocr_line' id='line_1_26' title="bbox 291 3824 1291 3909; baseline 0.004 -23"><span class='ocrx_word' id='word_1_201' title='bbox 291 3824 315 3903; x_wconf 73' lang='lat'><strong>²)</strong></span> <span class='ocrx_word' id='word_1_202' title='bbox 339 3827 425 3906; x_wconf 73' lang='lat' dir='ltr'><strong>Quod</strong></span> <span class='ocrx_word' id='word_1_203' title='bbox 446 3829 517 3887; x_wconf 90' lang='lat' dir='ltr'><strong>mihi</strong></span> <span class='ocrx_word' id='word_1_204' title='bbox 538 3829 672 3888; x_wconf 87' lang='lat' dir='ltr'><strong>scribenti</strong></span> <span class='ocrx_word' id='word_1_205' title='bbox 693 3829 771 3889; x_wconf 87' lang='lat' dir='ltr'><strong>venit</strong></span> <span class='ocrx_word' id='word_1_206' title='bbox 792 3830 823 3888; x_wconf 92' lang='lat' dir='ltr'><strong>in</strong></span> <span class='ocrx_word' id='word_1_207' title='bbox 838 3835 961 3889; x_wconf 87' lang='lat' dir='ltr'><strong>mentem</strong></span> <span class='ocrx_word' id='word_1_208' title='bbox 975 3831 1132 3890; x_wconf 90' lang='lat' dir='ltr'><strong>consimilis</strong></span> <span class='ocrx_word' id='word_1_209' title='bbox 1146 3831 1202 3890; x_wconf 89' lang='lat' dir='ltr'><strong>loci</strong></span> <span class='ocrx_word' id='word_1_210' title='bbox 1216 3832 1291 3909; x_wconf 89' lang='lat' dir='ltr'><strong>apud</strong></span> 
     </span>
     <span class='ocr_line' id='line_1_27' title="bbox 247 3931 1292 4012; baseline 0.002 -22"><span class='ocrx_word' id='word_1_211' title='bbox 247 3931 378 3990; x_wconf 83' lang='lat' dir='ltr'><strong>festivum</strong></span> <span class='ocrx_word' id='word_1_212' title='bbox 412 3933 442 3990; x_wconf 93' lang='lat' dir='ltr'><strong>in</strong></span> <span class='ocrx_word' id='word_1_213' title='bbox 473 3932 566 3991; x_wconf 85' lang='lat' dir='ltr'><strong>Gallia</strong></span> <span class='ocrx_word' id='word_1_214' title='bbox 589 3934 769 4012; x_wconf 86' lang='lat' dir='ltr'><strong>scriptorem,</strong></span> <span class='ocrx_word' id='word_1_215' title='bbox 796 3932 846 4011; x_wconf 93' lang='lat' dir='ltr'><strong>qui</strong></span> <span class='ocrx_word' id='word_1_216' title='bbox 868 3933 1007 3993; x_wconf 88' lang='lat' dir='ltr'><strong>eiusmodi</strong></span> <span class='ocrx_word' id='word_1_217' title='bbox 1029 3934 1131 4011; x_wconf 88' lang='lat' dir='ltr'><strong>abjecti</strong></span> <span class='ocrx_word' id='word_1_218' title='bbox 1157 3935 1292 3993; x_wconf 85' lang='lat' dir='ltr'><strong>causidici</strong></span> 
     </span>
     <span class='ocr_line' id='line_1_28' title="bbox 248 4035 1291 4114; baseline 0.002 -19"><span class='ocrx_word' id='word_1_219' title='bbox 248 4035 400 4095; x_wconf 84' lang='lat' dir='ltr'><strong>salsissime</strong></span> <span class='ocrx_word' id='word_1_220' title='bbox 421 4036 574 4113; x_wconf 87' lang='lat' dir='ltr'><strong>imaginem</strong></span> <span class='ocrx_word' id='word_1_221' title='bbox 596 4037 679 4096; x_wconf 89' lang='lat' dir='ltr'><strong>nobis</strong></span> <span class='ocrx_word' id='word_1_222' title='bbox 696 4037 833 4114; x_wconf 83' lang='lat' dir='ltr'><strong>depinxit.</strong></span> <span class='ocrx_word' id='word_1_223' title='bbox 849 4036 903 4097; x_wconf 82' lang='lat' dir='ltr'><strong>Ed.</strong></span> <span class='ocrx_word' id='word_1_224' title='bbox 919 4038 1116 4109; x_wconf 75' lang='lat' dir='ltr'><strong>Luaouuurn,</strong></span> <span class='ocrx_word' id='word_1_225' title='bbox 1139 4038 1179 4096; x_wconf 89' lang='lat' dir='ltr'><strong>Le</strong></span> <span class='ocrx_word' id='word_1_226' title='bbox 1191 4038 1291 4096; x_wconf 86' lang='lat' dir='ltr'><strong>Prince</strong></span> 
     </span>
     <span class='ocr_line' id='line_1_29' title="bbox 250 4141 556 4219; baseline 0.003 -19"><span class='ocrx_word' id='word_1_227' title='bbox 250 4141 387 4213; x_wconf 83' lang='lat' dir='ltr'><strong>(laniche,</strong></span> <span class='ocrx_word' id='word_1_228' title='bbox 409 4142 496 4219; x_wconf 82' lang='lat' dir='ltr'><strong>Chap.</strong></span> <span class='ocrx_word' id='word_1_229' title='bbox 519 4142 556 4202; x_wconf 91' lang='lat' dir='ltr'><strong>V.</strong></span> 
     </span>
    </p>

    <p class='ocr_par' dir='ltr' id='par_1_8' title="bbox 293 4239 757 4320">
     <span class='ocr_line' id='line_1_30' title="bbox 293 4239 757 4320; baseline 0.009 -18"><span class='ocrx_word' id='word_1_230' title='bbox 293 4239 317 4320; x_wconf 72' lang='grc'><strong>3)</strong></span> <span class='ocrx_word' id='word_1_231' title='bbox 340 4246 427 4304; x_wconf 78' lang='lat' dir='ltr'><strong>Venae</strong></span> <span class='ocrx_word' id='word_1_232' title='bbox 450 4245 612 4319; x_wconf 85' lang='lat' dir='ltr'><strong>Historiae,</strong></span> <span class='ocrx_word' id='word_1_233' title='bbox 636 4247 681 4318; x_wconf 90' lang='lat'><strong>11,</strong></span> <span class='ocrx_word' id='word_1_234' title='bbox 709 4250 757 4306; x_wconf 85' lang='grc'><strong>18.</strong></span> 
     </span>
    </p>
   </div>
   <div class='ocr_carea' id='block_1_7' title="bbox 0 0 1716 5180">
    <p class='ocr_par' dir='ltr' id='par_1_9' title="bbox 0 0 1716 5180">
     <span class='ocr_line' id='line_1_31' title="bbox 0 0 1716 5180; baseline 0 0"><span class='ocrx_word' id='word_1_235' title='bbox 0 0 1716 5180; x_wconf 95' lang='lat' dir='ltr'><strong> </strong></span> 
     </span>
    </p>
   </div>
  </div>
 </body>
</html>
