3408 5180
649 503 650 508 λ
764 517 804 587 el.

263 740 440 828 abreptum,
451 739 903 827 exfabrolignariovelsutore
911 739 1135 824 philosophum
1143 737 1274 816 factum,
1284 735 1308 823 ¹)

261 861 446 947 nullamque
470 861 661 927 occasionem
685 859 994 945 praetermittentem
1024 858 1178 924 vanitatis
1201 861 1308 922 osten-

263 979 383 1044 dendae
414 984 447 1044 et
470 980 698 1064 cupiditatibus·
722 980 755 1043 in
785 980 930 1044 omnine
959 977 1147 1064 indulgendi
1169 970 1193 1058 2)
1217 980 1248 1040 et
1272 979 1309 1039 ut

263 1099 357 1163 verbo
381 1099 485 1164 dicam
510 1099 546 1163 in
569 1099 744 1164 maximnm
768 1099 876 1164 odium
899 1099 1067 1164 hominum
1090 1096 1306 1182 perveniendi.

262 1214 374 1282 Altera
403 1222 511 1283 autem
541 1219 671 1282 tabulae
704 1240 778 1303 pars
817 1218 905 1282 nulla
943 1216 1152 1302 explicatione
1190 1221 1306 1302 egeret.

263 1337 307 1403 Et
321 1337 354 1402 id
370 1337 508 1421 deniqne
523 1333 686 1402 commode
701 1333 771 1397 addi
793 1338 914 1418 posset,
930 1334 1008 1399 istos
1025 1333 1228 1419 philosophos
1243 1355 1309 1399 esse

263 1455 511 1522 innumerabiles
542 1454 620 1520 ὥστε
652 1457 733 1519 ιιατὰ
764 1460 821 1536 τὴν
853 1456 1025 1540 παροιμίαν
1053 1461 1174 1521 θᾶττον
1198 1458 1239 1521 ἄν
1263 1480 1310 1529 τις

265 1579 297 1642 έν
332 1574 433 1658 πλοίῳ
465 1575 568 1640 πεσὼν
604 1574 771 1658 διαμάρτοι
802 1572 897 1649 §alicu
927 1580 947 1656 ἦ
977 1574 1060 1639 ἔνθα
1090 1577 1130 1638 ἄν
1162 1573 1261 1658 ἀπίδῃ
1292 1578 1308 1637 o‘
1344 1657 1346 1664 Ι

264 1694 440 1779 ὀφθαλμὸς,
477 1696 623 1778 ἀπορήσει
652 1691 821 1774 φιλοσόφου
855 1692 880 1778 ³)
909 1695 941 1756 et
970 1690 1055 1777 ipsos
1081 1713 1154 1755 curn
1184 1691 1309 1776 placitis

264 1834 345 1897 quae
375 1811 600 1898 profiterentur
633 1811 679 1874 ita
713 1832 886 1895 congruere
916 1814 954 1874 ut
987 1809 1204 1874 effeminatum
1242 1809 1308 1874 his·
1365 1817 1367 1820 ’

264 1932 401 1996 trionem
421 1953 492 1996 cum
520 1929 659 2009 Achille,
684 1930 804 1996 Theseo
828 1932 877 1995 vel
901 1930 1037 1996 Hercule
1060 1931 1085 2018 4)
1105 1953 1220 2017 eosque
1242 1952 1308 1995 non

265 2052 367 2136 magis
401 2049 550 2136 genuinis
573 2049 769 2134 philosophis
796 2071 862 2114 esse
885 2049 1002 2114 similes
1029 2072 1125 2135 quam
1149 2051 1308 2115 vulturem

263 2169 416 2256 lusciniae
439 2171 573 2254 (θᾶττον
593 2172 634 2235 ἄν
658 2171 725 2252 γδψ
748 2169 869 2253 αἠδόνα
887 2177 1053 2253 μιμήσαιτο
1076 2160 1199 2254 ἤσῦτοι
1219 2169 1307 2252 φιλο·

264 2289 390 2375 cluave)
413 2287 438 2367 ⁵)
461 2288 598 2373 denique
622 2310 674 2368 eoa
697 2310 763 2354 esse
785 2311 864 2373 quos
882 2289 992 2354 statim
1011 2312 1082 2355 eum
1099 2281 1309 2374 Joveoptimo

265 2410 404 2474 maximo
416 2409 493 2475 καθ’
505 2408 657 2493 Ὅμηρον,
671 2413 798 2476 ἐτώσιον
810 2415 911 2497 ᾰχθος
923 2413 1053 2496 οἷροιλρης
1065 2432 1131 2475 esse
1143 2410 1260 2475 diceres
1272 2409 1308 2496 ⁶).

310 2528 372 2595 Hic
391 2535 439 2595 est
462 2529 579 2594 nobilis
600 2529 807 2614 philosophus
826 2529 1002 2595 Lucianeus
1019 2551 1113 2616 quem
1133 2549 1256 2615 semper
1278 2532 1311 2593 et

265 2645 383 2730 ubique
406 2646 489 2731 apud
514 2646 604 2710 illum
631 2645 744 2710 iisdem
762 2645 827 2710 fere
850 2647 1006 2711 coloribus
1033 2646 1192 2732 depictum
1219 2647 1310 2712 inve-

265 2765 342 2839 nies.
367 2763 449 2840 Vix,
480 2762 609 2846 opinor,
641 2762 743 2827 dicere
769 2763 903 2846 attinet,
927 2763 1012 2849 quod
1035 2766 1085 2829 vel
1108 2766 1216 2849 paullo
1238 2787 1308 2850 per-

265 2882 429 2968 spicaciori
440 2881 572 2966 ingenio
584 2881 729 2966 praedito
744 2883 854 2946 atatim
865 2883 1006 2967 patebit,
1019 2883 1196 2948 Lucienum
1212 2885 1308 2960 etiam

264 3004 325 3068 hac
354 3003 390 3068 in
423 3025 457 3068 re
486 3002 635 3068 nonnihil
666 3004 826 3090 κωμῳδεῖν
857 3007 890 3068 et
911 3003 1040 3067 modum
1068 3003 1225 3070 excedere.
1250 3003 1310 3068 Est

265 3127 375 3186 tamen
398 3121 518 3207 aliquid
548 3122 633 3206 quod
651 3123 692 3186 ad
715 3123 928 3188 excusandum
957 3144 1030 3187 eum
1059 3122 1161 3200 valet,
1194 3143 1310 3205 nempe

310 3366 332 3443 1)
356 3368 406 3426 Bia
427 3374 573 3428 accusatus
595 3368 626 3427 G.
652 3372 680 3426 6.

308 3467 333 3547 ²)
354 3471 481 3529 Piscator
503 3472 535 3531 G.
561 3475 600 3530 34
623 3490 684 3548 sqq.

308 3563 332 3649 ³)
355 3574 405 3632 Bis
426 3581 572 3634 accusatus
594 3575 626 3634 C.
652 3578 681 3634 6.

307 3669 335 3756 4)
357 3679 392 3743 τὸ
423 3684 551 3762 πρᾶγμα
581 3678 690 3760 ὅμοιον
725 3675 823 3740 ἐδόκει
865 3702 917 3758 μοι
949 3683 1094 3761 καθάπερ
1132 3679 1173 3743 ὄιν
1205 3675 1234 3740 εἶ’
1259 3703 1307 3752 τις

213 3845 219 3858 ,
265 3788 431 3872 ὑποκριτὴς
464 3786 642 3872 τραγῳδίας
671 3784 837 3869 μαλθακὸς
868 3788 963 3860 αὐτὸς
986 3786 1031 3852 ὢν
1054 3787 1108 3849 καὶ
1131 3794 1309 3864 γυναικεῖος

266 3893 424 3982 Ἀχιλλέα
451 3903 472 3980 ἦ
499 3895 604 3979 Θησέα
627 3901 648 3978 ἦ
670 3897 723 3959 καὶ
747 3897 802 3960 τὸν
825 3892 990 3978 Ἡρακλέα
1012 3894 1224 3980 ὑποκρίνοιτο.
1250 3901 1310 3959 Pia·

266 4011 344 4064 caton
368 4006 400 4066 O.
426 4009 476 4066 31.
590 4085 592 4089 Ι

310 4107 334 4185 ⁵)
357 4109 432 4170 uu.
456 4109 488 4169 o.
514 4111 565 4172 ar.

309 4204 334 4290 ⁶)
356 4212 561 4292 Icaromenipp.
584 4211 617 4272 (λ
642 4213 692 4272 29.
