3408 5180
779 539 820 604 85

271 755 383 820 melius
405 755 597 840 Epicureum
621 756 980 841 nominare'potuissct‚
1001 759 1076 842 quia
1095 758 1169 823 Jovi
1183 759 1318 842 probare

270 879 421 959 conatur,
452 898 485 940 se
521 875 652 940 minime
683 875 775 938 illum
815 876 1020 942 reformidare
1059 878 1316 962 quandoquidem

257 991 403 1080 ’πρόνοια
423 1017 490 1061 non
510 994 552 1059 sit
569 997 591 1075 ¹)
615 996 690 1060 dum
709 1000 817 1061 tamen
840 1019 878 1061 ex
898 1019 993 1081 supra
1016 997 1154 1062 laudatis
1177 997 1318 1082 Epicteti

269 1116 387 1194 verbis,
400 1115 426 1180 si
439 1115 477 1179 de
497 1113 625 1199 Cynicis
638 1115 812 1198 disputatio
823 1114 977 1195 habetur,
996 1118 1086 1180 testis
1098 1116 1205 1199 paullo
1218 1139 1315 1200 quem

269 1233 427 1299 Lucienus
445 1238 493 1298 est
503 1233 674 1318 gravioris,
695 1257 804 1299 verum
818 1234 974 1320 Cynicum
994 1257 1026 1299 se
1046 1239 1209 1319 tamquam
1226 1235 1317 1300 Jovis

266 1353 409 1437 legatum
425 1353 465 1416 ad
477 1353 622 1417 homines
635 1353 766 1418 missum
778 1354 903 1419 duxisse
917 1358 1015 1438 patet.
1033 1354 1201 1419 Hunccine
1215 1355 1316 1439 igitur
1437 1401 1440 1408 ι

267 1471 380 1538 Jovem
392 1471 635 1556 impugnantem
649 1472 815 1553 inducere,
832 1477 960 1538 tantum
977 1476 1013 1536 nt
1024 1472 1202 1536 communis
1213 1471 1313 1557 Cyni·

268 1612 375 1655 corum
407 1591 563 1675 παρρησία
594 1591 677 1656 male
699 1592 827 1671 audiat,
852 1614 959 1658 nonne
981 1595 1034 1672 cst
1052 1591 1137 1655 illius
1158 1591 1195 1654 in
1217 1613 1313 1676 quem

267 1709 523 1792 quoddammodo
558 1708 718 1774 Ciceronis
752 1710 831 1775 illud
865 1711 974 1775 cadat:
1016 1709 1067 1773 «si
1099 1708 1223 1792 judicat
1245 1732 1313 1774 non

269 1828 389 1893 delectu
412 1833 469 1892 aut
491 1829 647 1912 sapientia
670 1829 796 1894 ducitu'r
819 1830 858 1893 ad
878 1829 1105 1914 judicandum,
1124 1829 1313 1913 sedimpetu

267 1967 499 2032 nonnunquam
523 1951 555 2012 et
567 1948 703 2032 quadam
728 1948 825 2012 etiam
842 1948 1058 2012 inmaritata».
1074 1946 1099 2032 Ξ)
1121 1946 1313 2030 Exemplum

268 2066 364 2130 etiam
395 2071 427 2131 et
451 2067 578 2151 signum
605 2067 690 2152 quod
714 2065 826 2152 Cynici
857 2067 946 2156 sequi
975 2067 1138 2145 solebant,
1169 2065 1223 2130 illc
1245 2068 1314 2129 erat

161 2256 169 2268 ρ
267 2187 322 2270 qui
347 2186 455 2250 multis
479 2186 665 2270 magnisque
687 2186 849 2251 laboribus
872 2185 1007 2270 peractis
1025 2186 1065 2249 ad
1084 2173 1199 2251 Joucm
1219 2185 1313 2250 rediit

266 2306 374 2391 ibique
410 2314 562 2390 perpetua
595 2307 747 2371 felicitate
785 2306 965 2382 fruebatur,
1009 2305 1168 2370 Hercules.
1215 2303 1311 2388 Apud

266 2424 441 2489 Luciauum
464 2429 571 2489 autem
595 2425 747 2489 nimirum
771 2428 808 2488 ut
830 2424 908 2489 haec
931 2423 1121 2508 Cynicorum
1146 2423 1254 2506 opinio
1273 2423 1309 2486 in

265 2542 432 2608 ridiculum
444 2547 597 2621 vertatur,
610 2542 794 2628 Sinopensis
807 2543 965 2628 Diogenes
977 2547 1049 2628 post
1060 2541 1161 2606 vitam
1173 2538 1311 2626 rigidam

260 2664 360 2745 atque
393 2664 571 2738 austeram,
605 2661 762 2744 perfectus
793 2662 899 2727 helluo
934 2662 1034 2727 evasit
1072 2666 1104 2725 et
1134 2661 1169 2724 in
1203 2659 1310 2725 Beatis

264 2779 380 2844 Insulis
393 2779 525 2844 eandem
546 2779 646 2844 vitam
664 2780 732 2865 agit
744 2803 840 2865 quam
855 2780 968 2844 comici
984 2779 1151 2844 Herculem
1166 2779 1202 2842 in
1217 2778 1309 2843 terris

265 2900 366 2964 adhuc
402 2900 569 2984 degentcm
591 2921 681 2984 cgere
712 2899 887 2985 fingebant.
914 2899 938 2984 ³)
974 2897 1060 2974 Quae
1094 2897 1122 2962 si
1151 2896 1309 2962 Lucianca

231 3088 239 3108 ρ
264 3019 448 3084 testimonia
470 3019 509 3083 de
531 3017 659 3102 Cynicis
681 3019 856 3097 audiveris,
879 3018 960 3083 refer
988 3018 1132 3082 animum
1166 3016 1309 3101 paullum

283 3246 475 3256 ——..

307 3396 330 3467 ¹)
353 3393 438 3468 Jupp.
461 3390 638 3460 confutatus,
661 3389 693 3449 Ο.
719 3393 746 3448 9.

307 3502 330 3578 ²)
352 3503 409 3560 Cic.
432 3521 483 3578 pro
506 3499 601 3558 Planc.
624 3499 690 3575 Cap.
717 3502 745 3557 9.
774 3498 815 3554 De
842 3497 1011 3573 Cynicorum
1034 3490 1189 3574 παρρησίᾳ
1216 3501 1243 3552 et
1265 3497 1308 3554 ui·

265 3607 322 3664 mia
343 3606 447 3683 agendi
471 3603 639 3680 dicendique
660 3602 789 3659 libertate
821 3602 905 3659 etiarn
931 3601 1094 3658 testimonio
1117 3605 1159 3658 est
1191 3619 1309 3677 persona

266 3710 393 3787 Menippi
416 3709 491 3787 apud
513 3707 668 3765 Luciauum
691 3706 846 3763 identidem
867 3705 1055 3774 occurrentis,
1078 3704 1188 3780 dequo
1214 3709 1309 3761 tamen

258 3832 479 3890 nonnumquam
501 3811 596 3889 paullo
619 3809 791 3868 reverentius
813 3809 948 3886 loquitur.
972 3809 1014 3866 Cf.
1031 3808 1081 3865 Dr.
1095 3807 1146 3865 Th.
1161 3807 1308 3865 anscnn

266 3916 394 3994 Menipp.
417 3935 445 3976 u.
469 3916 572 3974 Horaz.
597 3933 624 3990 p.
651 3917 688 3970 l8
713 3933 772 3990 sqq.

309 4024 332 4102 3)
355 4027 443 4083 Verae
465 4025 542 4082 Hist.
565 4022 609 4093 ΙΙ,
636 4025 684 4080 18.
709 4014 861 4096 Διογένης
876 4013 935 4096 μέν
948 4015 1012 4091 yco‘
1023 4015 1187 4086 Σινωπεύς
1204 4016 1309 4077 τοσοῦ-

269 4154 323 4196 τον
346 4127 498 4216 μετέβαλε
525 4132 578 4191 τοῦ
596 4126 712 4209 τρόπον
727 4126 804 4189 ὥστε
821 4131 916 4206 γῆμαι
934 4125 991 4203 μὲν
1008 4123 1129 4200 Λαΐδα,
1146 4123 1307 4206 ὀρχεῖσθαι

269 4237 301 4300 δὲ
325 4235 477 4310 πολλάκις
500 4237 560 4300 ὑπὸ
582 4233 683 4317 μέθης
706 4235 913 4316 ἀνιστάμενον
937 4233 990 4296 καὶ
1015 4237 1188 4316 παροινεῖν.
