3372 5180
879 583 919 646 12

382 798 411 862 δ’
439 799 475 864 οὐ
498 798 614 880 φαῦλαι
639 799 781 879 ἐλπίδες,
811 805 838 865 εἰ
861 785 899 864 τὰ
924 806 1027 865 εἰκότα
1049 804 1206 882 γίγνοιτο,
1231 801 1302 876 ‹itt'
1326 805 1420 875 ἔθνος

381 921 589 1004 ἐπιτραπῆναι
623 926 643 1003 ἤ
672 945 761 994 τινας
802 919 901 994 ἄλλας
933 923 1058 1005 πράξεις
1089 921 1263 1009 βασιλικάς.
1301 920 1355 985 An
1379 921 1419 985 ad

378 1039 468 1105 illum
508 1041 643 1125 gradum
678 1041 853 1106 ascenderit
888 1043 1055 1107 nescimus.
1090 1042 1203 1127 Neque
1237 1065 1294 1127 pro
1333 1049 1418 1109 carto

381 1160 604 1224 affirmandum
634 1165 682 1225 est
712 1183 775 1246 quo
804 1162 995 1245 imperatore
1018 1161 1177 1226 Lucienus
1200 1167 1344 1227 mortuus
1367 1163 1417 1227 sit.

380 1277 414 1343 si
442 1283 553 1343 tamen
582 1279 642 1344 hac
672 1279 707 1342 in
737 1302 771 1344 re
801 1282 983 1364 conjectura
1013 1280 1090 1344 satis
1121 1263 1232 1365 utique
1262 1281 1421 1364 probabili

378 1397 499 1482 aliquid
522 1398 751 1482 assequendum
776 1401 840 1481 est,
865 1421 882 1463 e
903 1399 972 1464 loco
987 1399 1022 1462 in
1039 1420 1075 1463 eo
1091 1399 1199 1463 libello
1225 1399 1279 1464 oui
1301 1422 1419 1464 nomen

386 1516 591 1582 «Alexander
621 1540 674 1582 seu
707 1518 974 1582 Pseudomantis»
1003 1519 1059 1583 ubi
1085 1519 1227 1603 loquitur
1249 1519 1288 1583 de
1311 1521 1419 1585 Marco

381 1637 511 1702 Aurelio
534 1639 625 1724 quasi
648 1639 687 1702 de
708 1639 829 1702 «divo»
851 1661 922 1702 eum
939 1660 1038 1723 usque
1054 1639 1094 1702 ad
1106 1639 1272 1703 Commodi
1282 1661 1419 1725 regnum

380 1756 494 1821 vixisse
517 1756 593 1820 satis
617 1760 743 1821 constat
765 1758 800 1842 ¹).

425 1873 547 1949 Quibus
569 1879 741 1960 utcumque
764 1875 802 1939 de
822 1874 956 1938 Luciani
980 1874 1046 1937 vita
1068 1874 1104 1938 in
1127 1875 1266 1940 medium
1288 1876 1420 1959 prolatis

379 2016 466 2059 nunc
499 1995 539 2058 ad
574 2017 652 2078 opus
682 1995 786 2078 ipsum
819 2016 869 2058 me
900 1993 1049 2077 accingor
1079 1997 1112 2058 et
1138 1995 1231 2077 juvat
1254 1995 1419 2079 ingentem

379 2113 545 2177 materiam
567 2113 706 2177 dividere
732 2113 768 2176 in
791 2116 896 2197 partes
919 2112 997 2211 dues
1018 2112 1128 2177 hasce:

439 2230 465 2294 I.
497 2230 660 2296 Judioium
690 2231 773 2315 quod
796 2235 906 2296 auctm
928 2232 1005 2294 tulit
1028 2231 1066 2294 de
1090 2231 1181 2294 rebus
1204 2232 1300 2295 sacris
1323 2236 1419 2316 atque

495 2351 620 2415 divinis.

423 2470 465 2536 ΙΙ.
495 2470 657 2536 Judicium
685 2469 768 2553 quod
791 2469 867 2532 tulit
888 2469 928 2532 de
950 2467 1145 2552 philosophis
1168 2472 1200 2532 et
1222 2467 1416 2545 rhetoribus,

496 2590 534 2653 de
556 2592 624 2652 tote
648 2588 825 2653 eruditione
847 2591 880 2651 et
902 2586 1046 2651 doctrina
1069 2586 1214 2672 denique.

377 2987 408 3056 1,
440 3005 466 3062 p.
493 2985 549 3052 91,
578 2981 608 3038 in
638 2977 760 3036 secunda
782 2974 908 3033 editione
931 2974 1098 3032 vocabulum
1122 2969 1306 3048 Αἰγυπτίας
1328 2975 1358 3032 in
1380 2976 1416 3032 iis

377 3111 447 3171 quae
467 3107 549 3165 snpra
575 3082 689 3143 laudavi
716 3080 804 3138 deleri
830 3079 912 3154 jubet
934 3085 962 3137 et
987 3079 1142 3136 Luciauum
1165 3099 1181 3136 a
1203 3077 1415 3154 cognitionibus

376 3196 463 3253 fuisse
485 3190 559 3268 apud
581 3189 672 3264 ipsum
695 3184 840 3241 Caesarem
857 3182 998 3258 perhibet,
1022 3180 1099 3258 quod
1114 3181 1157 3238 illi
1173 3181 1317 3258 perhibere
1331 3200 1415 3258 qnam

377 3298 496 3376 probare
532 3298 565 3350 ut
604 3288 674 3347 mihi
703 3285 815 3343 videtur
851 3284 961 3341 facilius
990 3289 1046 3341 cst:
1077 3301 1154 3340 nunc
1193 3282 1318 3357 ejusdem
1351 3282 1418 3339 libri

378 3406 506 3480 quartem
529 3381 701 3459 editionem,
718 3407 794 3446 euno
818 3389 898 3451 1873
922 3387 953 3443 in
972 3386 1062 3443 lucem
1078 3386 1182 3443 editam
1197 3392 1296 3443 nactus
1311 3385 1370 3442 vidi
1381 3385 1417 3442 de

378 3504 456 3563 omni
478 3502 533 3559 isto
555 3496 644 3555 dnbio
667 3497 750 3550 antea
771 3496 898 3549 motone
920 3490 1006 3547 verbo
1027 3489 1142 3566 quidem
1160 3490 1334 3546 mentionem
1356 3506 1416 3546 esse

376 3610 477 3666 factam
502 3608 540 3680 (p.
568 3602 655 3674 108),
686 3595 826 3654 intellexit
851 3595 954 3670 igitur,
982 3593 1096 3670 opinor,
1125 3593 1185 3667 ipse
1207 3610 1236 3648 se
1258 3589 1417 3649 inconsulte

377 3732 444 3770 sana
470 3714 497 3766 et
518 3708 630 3782 integra
652 3701 751 3777 ejicere
772 3705 799 3757 et
821 3716 945 3756 resecare
967 3701 1100 3754 conatum
1123 3714 1191 3754 esse.

418 3814 443 3892 1)
466 3812 625 3871 Alexander
652 3827 701 3866 sen
727 3803 962 3874 Pseudomeutis,
996 3801 1064 3879 Gap.
1091 3803 1129 3858 48
1146 3797 1164 3858 ὁ
1179 3795 1252 3866 θεὸς
1268 3795 1411 3875 Μάρκος.

375 3919 417 3978 Of.
441 3918 683 3980 Sonuereuoou,
708 3908 737 3980 I,
761 3927 788 3984 p.
811 3907 873 3966 XV.
