3372 5180
863 535 905 604 44

362 755 470 840 petitis
482 757 616 842 probare
628 758 819 821 conarentur
830 754 878 818 dis
890 754 1077 840 alienigenis
1090 777 1189 840 aeque
1200 777 1237 820 ac
1249 755 1402 842 indigeti-

361 876 421 941 bus
435 879 540 942 locum
563 898 638 940 esse.
662 874 853 940 Plutarchus
876 876 964 940 verbi
991 897 1102 953 carisa,
1122 898 1316 961 quamquam
1336 877 1403 960 ipse

360 995 470 1081 Pythii
493 995 651 1080 Apollinis
674 995 833 1073 sacerdos,
864 995 945 1059 libro
976 995 1064 1059 fatuo
1088 999 1120 1059 et
1142 995 1226 1059 malo
1251 997 1401 1081 augurio,

361 1117 492 1200 opinor,
528 1115 687 1191 confecto,
723 1114 815 1178 Isidis
846 1118 878 1178 et
901 1113 1034 1178 Osiridis
1057 1114 1111 1178 illa
1135 1118 1238 1179 aetate
1260 1114 1295 1178 in
1318 1115 1401 1190 diem

358 1236 545 1321 gliscentem
583 1235 704 1299 cultum
741 1233 861 1317 optime
899 1234 1068 1298 convenire
1102 1256 1174 1298 cum
1209 1233 1402 1300 Graecorum

360 1357 491 1420 deorum
517 1355 603 1420 cultu
631 1353 776 1438 perhibet
794 1353 879 1437 quod
895 1374 1004 1418 omnes
1019 1353 1064 1417 dii
1079 1375 1263 1418 communes
1279 1358 1400 1431 essent,

360 1478 526 1558 tamquam
556 1473 692 1551 coelum,
727 1476 829 1550 terre,
866 1485 951 1536 mare
986 1473 1168 1537 communia
1198 1475 1273 1537 sint.
1298 1473 1323 1559 1)
1361 1473 1401 1537 In

360 1591 426 1656 dies
468 1591 562 1655 turba
602 1591 657 1654 illa
699 1591 831 1654 deorum
874 1591 1050 1668 crescebat,
1096 1592 1142 1655 ia
1184 1596 1222 1655 ut
1255 1592 1401 1657 homines

360 1711 496 1790 mortui,
520 1715 554 1774 et
575 1709 625 1774 dei
647 1709 841 1774 immortales
864 1733 883 1773 a
905 1711 1103 1795 sequioribus
1125 1713 1303 1795 promiscue
1319 1713 1400 1777 cole-

358 1835 479 1898 rentur.
509 1830 569 1894 Ilst
598 1850 710 1913 operae
736 1829 875 1912 pretium
898 1829 1007 1892 audire
1028 1828 1158 1893 Aelium
1181 1829 1401 1914 Lampridium

358 1952 542 2014 narrantem
557 1948 776 2012 Alexandrum
792 1947 943 2012 Severum
959 1948 1126 2012 matutinis
1137 1949 1224 2013 horis
1239 1949 1272 2012 in
1286 1948 1401 2014 larario

357 2089 414 2132 suo
444 2089 511 2132 rem
534 2067 676 2131 divinam
699 2066 801 2130 facere
826 2066 1013 2151 Apollonio,
1038 2065 1180 2144 Christe,
1207 2066 1399 2145 Abrahami,

358 2185 467 2264 Orfeo,
499 2185 689 2270 optimisque
719 2185 827 2249 electis
855 2206 893 2248 ex
916 2184 997 2249 divis
1020 2184 1225 2268 principibus.
1251 2184 1399 2263 Prorsus,

356 2307 487 2392 opinor,
511 2304 746 2370 assentiendum
769 2305 869 2389 igitur
893 2325 1003 2369 censeo
1027 2303 1181 2382 Prellero,
1200 2303 1255 2368 ubi
1266 2304 1362 2390 dicit,
1375 2305 1399 2392 2)

362 2425 452 2509 «Das
474 2445 554 2489 neue
577 2447 642 2487 was
664 2424 709 2487 sie
728 2423 834 2487 bieten
845 2423 991 2486 konnten
1004 2422 1084 2508 (scil.
1097 2422 1147 2486 die
1158 2422 1399 2488 Restaurations

361 2545 557 2636 ‹versuchen
582 2546 635 2608 des
658 2544 791 2607 antiken
814 2543 1059 2628 Heidenthums)
1079 2565 1143 2606 war
1154 2544 1233 2607 eben
1246 2565 1308 2608 nur
1319 2565 1400 2608 neue

361 2665 593 2749 «Aufregung,
617 2685 698 2727 neue
725 2662 946 2746 Verwirrung,
970 2662 1063 2726 keine
1086 2662 1286 2747 Belehrung,
1306 2663 1399 2728 keine

361 2785 603 2869 «Beruhigung.
627 2783 672 2846 Es
694 2805 803 2846 waren
826 2783 906 2846 eben
929 2805 990 2846 nur
1009 2783 1059 2846 die
1079 2782 1248 2867 geflickten
1268 2783 1397 2868 Lappen

360 2905 438 2968 «des
461 2903 547 2967 alten
570 2901 711 2979 Kleides
738 2900 855 2965 welche
873 2901 946 2964 bald
961 2900 1075 2965 wieder
1087 2902 1256 2980 zerrissen,
1270 2903 1336 2966 und
1348 2903 1398 2998 die

359 3022 523 3108 «garstige
552 3021 659 3085 Bldsse
689 3021 745 3084 der
776 3018 968 3084 verfallenen
1000 3019 1199 3084 Menschheit
1228 3042 1296 3083 uun
1334 3025 1398 3086 erst

360 3141 474 3206 <recht
495 3140 589 3205 sehon
616 3140 766 3204 hiessen.»
797 3138 913 3202 Omnes
928 3137 977 3200 illi
988 3137 1069 3201 ritus
1082 3137 1191 3223 igitur,
1216 3139 1397 3216 ,verissime

354 3261 509 3327 Prellerus
532 3263 684 3336 annotat,
709 3258 810 3322 vitam
833 3256 973 3341 quietam
986 3257 1136 3342 praebere
1148 3256 1396 3342 haudquaquam

358 3417 541 3427 ——-—

398 3504 421 3576 1)
443 3500 519 3558 Plut.
542 3497 578 3556 de
600 3495 676 3554 Iside
699 3499 727 3551 et
748 3492 861 3551 Osiride
884 3491 951 3567 Cap.
970 3494 1020 3554 67.
1049 3525 1087 3536 -
1116 3493 1224 3568 Quanti
1250 3494 1396 3554 habendus

353 3610 390 3668 sit
413 3606 524 3665 libellus
549 3605 597 3662 ille
621 3609 649 3661 et
671 3603 726 3660 alia
748 3600 890 3660 declarant
909 3607 936 3658 et
961 3597 994 3658 τὸ
1019 3593 1195 3679 γελώμενον
1219 3602 1322 3676 τοῦτο,
1346 3602 1397 3660 ubi

353 3712 518 3770 Plutarchus
536 3709 608 3767 serio
631 3708 805 3766 demonstrat
827 3700 1000 3762 crocodilum
1024 3725 1075 3781 pro
1098 3705 1151 3762 deo
1175 3706 1324 3779 colendum
1337 3725 1396 3762 esse

352 3815 429 3893 quod
450 3815 577 3889 linguam
599 3831 657 3868 nou
680 3809 780 3878 habet,
805 3814 832 3866 et
855 3813 958 3888 φωνῆς
981 3807 1103 3882 όθεῐος
1120 3808 1210 3888 λόγος
1226 3809 1395 3894 ἀπροσδεής

352 3924 447 3986 arm
462 3954 502 3964 -
517 3920 558 3979 of.
582 3919 652 3976 con.
677 3897 712 3974 ν’.
735 3916 777 3975 cl.
802 3915 909 3975 unam.
934 3916 975 3973 vr
996 3937 1023 3994 p.
1048 3917 1395 3976 12.De1sidiscu1tuin

352 4028 468 4086 Graecia
491 4025 540 4084 illa
561 4028 651 4081 aetate
673 4021 852 4098 pervulgata,
876 4021 918 4080 Cf.
940 4021 1130 4082 Hnamanuc.
1148 4023 1248 4082 Gesch.
1262 4024 1311 4084 Gr.
1324 4043 1352 4082 u.
1365 4023 1394 4084 d.

351 4129 385 4189 R.
410 4129 449 4188 H.
473 4128 520 4199 II,
545 4131 604 4186 269
629 4145 689 4203 sqq.

275 4243 279 4252 '
394 4231 417 4308 ²)
440 4234 587 4290 Pennana.
611 4232 694 4290 Rom.
719 4229 911 4308 Mythologie,
936 4249 962 4307 p.
992 4230 1061 4292 711.
