3372 5180
872 511 914 578 56

370 735 454 820 apud
477 731 656 798 Lucianum
684 729 843 814 depictam
875 728 1059 794 videbimus.
1086 727 1147 794 Sed
1170 731 1207 792 ut
1229 728 1266 792 fit
1288 727 1338 791 illi
1359 728 1416 813 qui
1450 783 1452 787 .

365 853 476 918 *minus
503 851 678 937 perspicaci
700 850 806 915 indole
828 853 904 914 sunt
926 849 1062 934 praediti
1084 870 1248 932 nunquam
1271 850 1415 911 auctores

371 995 389 1036 a
413 971 539 1056 placitis
563 992 721 1036 secernere
744 974 878 1055 possunt
900 973 933 1034 et
946 973 1076 1053 propter
1091 967 1170 1032 vitia
1185 987 1266 1051 quae
1284 965 1416 1031 fortasse

369 1089 495 1155 homini
519 1089 705 1173 inhaerent,
730 1110 767 1152 ea
783 1110 863 1173 quae
878 1086 999 1172 profert
1014 1086 1160 1172 quamvis
1179 1102 1272 1168 saepe
1287 1083 1416 1170 egregia

372 1211 587 1288 contemnunt
616 1211 648 1271 et
679 1207 852 1289 damnant,
884 1229 987 1291 neque
1017 1207 1118 1271 solum
1145 1205 1200 1269 illa
1224 1225 1305 1288 quae
1331 1203 1416 1287 ipse,

372 1326 425 1390 sed
449 1325 547 1390 etiam
567 1347 649 1410 quae
672 1326 728 1390 alii
751 1325 851 1390 multo
875 1325 986 1390 melius
1009 1325 1124 1390 morati
1148 1328 1204 1389 aut
1226 1324 1338 1388 dicunt
1360 1325 1417 1388 aut

372 1445 504 1511 faciunt.
521 1442 700 1510 Fatendum
715 1446 818 1511 enim:
843 1451 890 1511 est
904 1451 1013 1512 noster
1035 1468 1160 1532 quoque
1182 1465 1415 1528 nonnunquam

372 1566 407 1630 in
429 1565 490 1630 hoc
512 1565 625 1630 leviter
640 1565 856 1650 judicantium
879 1570 1008 1649 peccato
1030 1569 1157 1629 tenetur
1180 1568 1212 1628 et
1234 1563 1338 1647 iniqui
1360 1569 1414 1630 τοῦ

374 1685 490 1754 πολλοῦ
513 1685 573 1750 λεώ
602 1685 716 1769 judicii
738 1685 918 1770 arguendus
946 1689 1002 1750 est.
1028 1682 1218 1768 Ceteroquin
1244 1685 1417 1766 aetasque

373 1805 454 1869 vixit
476 1827 594 1870 novam
618 1805 817 1889 disciplinam
841 1808 876 1870 in
895 1805 1096 1890 philosophia
1119 1805 1207 1871 nasci
1229 1825 1294 1870 non
1314 1804 1416 1882 vidit,

375 1923 492 2009 quippe
522 1946 603 2008 quae
633 1927 760 1988 tantum
795 1928 962 2009 praecepta
993 1924 1127 1988 moralia
1155 1926 1356 2010 proponeret.
1383 1921 1418 1984 si

375 2064 485 2107 omnes
505 2043 571 2106 eius
591 2042 705 2107 aetatis
724 2043 926 2128 philosophos
945 2065 1122 2119 recenseas,
1150 2042 1321 2127 comperies
1348 2063 1417 2106 om·

375 2182 431 2224 nes
454 2159 640 2244 praesertim
663 2160 776 2223 morali
798 2159 1016 2245 philosophiae
1038 2161 1123 2245 parti
1146 2184 1274 2245 operam
1298 2159 1438 2226 dcdissa=

376 2279 484 2363 quales
522 2281 626 2342 essent
665 2276 799 2356 Seneca,
839 2278 900 2343 Dio
938 2276 1198 2362 Chrysostomus‚
1236 2279 1417 2364 Epictetus,

374 2395 502 2461 Marcus
526 2395 674 2461 Aurelius
698 2397 882 2461 Antoninus
899 2401 931 2461 ct
950 2396 1103 2482 quidquid
1119 2403 1200 2463 essct
1215 2396 1416 2482 Cynicorum.

267 2569 268 2578 ,
375 2514 457 2578 Tota
487 2514 555 2579 vita
589 2514 849 2598 philosophorum
887 2519 955 2579 erat
993 2516 1053 2581 hac
1091 2516 1275 2602 praesertim
1313 2519 1418 2580 aetate

312 2695 314 2698 .
376 2634 602 2697 commentatio
632 2634 744 2698 mortis
772 2657 870 2718 quem
900 2639 1103 2700 contemnere
1134 2640 1165 2700 et
1191 2635 1284 2720 parvi
1316 2633 1419 2699 facere

375 2750 555 2836 philosophi
574 2751 721 2817 docentes
740 2753 850 2818 beatae
871 2753 954 2819 vitae
969 2760 1135 2840 praecepta
1147 2756 1369 2839 proponebant
1384 2754 1417 2837 ¹).

376 2869 461 2934 Nam
490 2869 525 2934 in
555 2869 755 2955 philosophia
778 2872 895 2956 placita
919 2878 951 2939 et
974 2874 1115 2957 δόγματα
1138 2897 1174 2938 ea
1197 2878 1298 2940 aetate
1317 2870 1418 2936 haud-

376 3010 536 3073 quaquam
567 2989 775 3069 exst'terunt‚
807 2995 875 3056 erat
906 2993 1000 3076 plane
1034 2997 1070 3058 ut
1092 2993 1140 3056 ita
1167 2992 1271 3058 dicam
1295 2993 1418 3075 isaeo,

376 3129 414 3171 ex
437 3108 578 3194 antiquis
601 3113 707 3173 autem
731 3110 857 3194 placitis
877 3131 947 3196 pars
974 3112 1103 3177 moralis
1133 3111 1331 3178 eximebatur
1356 3131 1420 3194 qua

376 3225 581 3309 gravissimus
620 3226 752 3310 quisque
792 3227 942 3291 utebatur
978 3232 1143 3314 tamquam
1180 3228 1419 3314 propugnaculo

381 3431 586 3441 m

422 3586 444 3658 ¹)
468 3584 511 3643 cf.
534 3583 605 3640 Plat.
629 3579 732 3638 Phecd.
764 3598 791 3655 p.
825 3581 862 3640 67
887 3577 922 3636 D.
952 3577 1034 3637 Tusc.
1060 3579 1141 3655 Disp.
1170 3579 1197 3648 I,
1223 3583 1278 3649 30,
1307 3583 1355 3642 74.
1379 3614 1419 3625 —

377 3686 418 3745 Cf.
440 3685 557 3744 omnino
575 3683 611 3741 de
629 3682 742 3759 Cynicis
762 3681 857 3738 omnia
874 3681 1135 3752 contemnentibus,
1157 3691 1330 3760 mortemque
1350 3689 1421 3742 tam-

377 3807 461 3864 quam
492 3785 654 3861 confugium
686 3791 713 3842 et
746 3783 863 3841 salutem
897 3783 1146 3842 innumerabilium
1170 3785 1243 3843 vitae
1265 3786 1421 3844 incommo-

377 3891 495 3960 dorum,
522 3907 593 3966 quae
617 3887 715 3964 utique
738 3893 828 3944 aelate
853 3886 1031 3963 imperatoria
1057 3907 1115 3944 non
1138 3907 1224 3964 pauca
1247 3895 1352 3960 essent,
1376 3909 1421 3948 ex·

378 3993 548 4070 petentibus.
572 3990 726 4060 Brennus,
750 3990 856 4048 lucion
878 3989 935 4047 und
954 3990 998 4047 die
1020 3992 1156 4066 Kynilrer,
1180 4011 1208 4069 p.
1233 3995 1282 4062 27,
1307 3995 1356 4052 28.
1379 4027 1418 4036 —

378 4095 536 4166 Sentiebet,
559 4094 590 4151 id
613 4093 690 4170 quod
711 4094 741 4150 in
764 4093 906 4169 prooemio
925 4092 1065 4163 diximus,
1085 4093 1171 4169 probe
1189 4095 1343 4172 antiquitas
1365 4095 1421 4153 sibi

377 4199 476 4278 cepitis
497 4204 640 4276 tamquam
663 4197 798 4255 damnato
820 4215 923 4273 paucos
944 4195 1029 4254 modo
1052 4196 1111 4254 dics
1124 4216 1183 4256 esse
1206 4197 1366 4256 vivendum.
