3372 5180
765 532 804 598 51

261 757 363 821 terum
375 754 516 840 antiquis
534 753 730 840 philosophis
741 765 901 839 parsurus.
920 753 1075 820 Attamen
1090 752 1189 838 probe
1207 753 1303 818 intel-

260 874 332 958 ligit
344 874 478 958 sibiipsi
490 895 576 938 nunc
589 873 711 958 aliquid
722 874 757 937 in
769 872 967 959 philosophia
980 887 1045 938 esse
1057 873 1282 938 elaborandum
1294 919 1301 951 ‚

260 993 314 1076 qui
343 992 406 1057 huc
433 1015 533 1077 usque
560 993 685 1056 nullum
708 991 770 1055 nisi
802 992 994 1056 demoliendi
1024 992 1192 1058 consilium
1222 995 1302 1056 essct

260 1115 400 1186 11111111,
412 1114 450 1174 ut
472 1110 656 1195 aequalibus
679 1110 790 1174 saltem
809 1123 995 1194 responsum
1010 1112 1085 1176 dare
1101 1111 1201 1196 possit
1215 1132 1254 1175 ex
1270 1132 1303 1175 se

260 1230 485 1313 quaerentibus
498 1230 573 1314 quid
586 1234 760 1295 ceterorum
773 1251 945 1315 eorumque
956 1230 1302 1315 praestantissimorum

258 1346 354 1429 judex
365 1347 585 1412 acerbissimus
597 1347 664 1432 ipse
675 1348 814 1434 proferre
832 1349 961 1422 ualeat?
975 1350 994 1412 J
997 1350 1114 1433 amjam
1130 1349 1304 1434 scripturus

260 1467 307 1528 est
333 1464 581 1530 Hermotimum.
608 1465 732 1530 Stoicus
759 1467 873 1531 ardens
889 1467 993 1530 studio
1028 1467 1218 1532 ascendendi
1247 1489 1304 1553 per

260 1585 415 1649 lubricam
435 1587 467 1648 et
481 1584 614 1647 arduam
636 1584 724 1669 illam
740 1584 824 1649 viam
843 1586 882 1650 ad
897 1585 1000 1670 ipsam
1016 1587 1179 1654 Virtutem
1191 1588 1303 1652 obvius

260 1705 298 1768 fit
312 1703 463 1770 Lucieno.
480 1702 588 1766 Primo
599 1702 647 1765 illi
659 1704 771 1767 acerba
783 1705 937 1788 quaedam
950 1705 986 1769 in
1003 1697 1194 1792 magistrum
1209 1727 1304 1791 quem

260 1823 310 1887 dei
326 1803 443 1888 'instar
468 1824 544 1888 colit
569 1823 727 1888 audienda
753 1826 785 1888 ot
811 1826 1035 1909 concoquenda
1059 1829 1150 1904 sunt,
1178 1826 1202 1911 ¹)
1230 1823 1303 1888 dein

260 1941 419 2007 Lucianns
456 1965 528 2008 eum
560 1943 738 2008 inconsulte
761 1943 933 2008 admodum
967 1944 1150 2029 loquentem
1180 1941 1305 2007 inducit

261 2061 312 2146 (cf,
328 2059 364 2126 C.
380 2061 444 2148 15).
459 2060 659 2143 Onitandem
672 2067 861 2147 argumento
873 2064 968 2128 fidem
979 2067 1016 2127 tu
1028 2064 1167 2148 primum
1183 2062 1304 2126 habens

261 2178 438 2244 Stoicorum
455 2182 589 2265 januam
611 2181 773 2266 ingressus
796 2201 845 2258 es,
873 2203 945 2247 cum
969 2182 1090 2246 multae
1108 2181 1170 2245 tibi
1185 2181 1305 2264 januae

260 2301 421 2382 paterent,
445 2303 477 2364 et
499 2299 664 2384 perinepte
686 2299 905 2384 Hermotimus
923 2298 1102 2383 respondit:
1123 2295 1180 2362 Me
1198 2297 1303 2382 ipsum

247 2416 407 2482 'idoneum
421 2417 563 2502 judicavi
579 2417 688 2501 quide
703 2439 739 2482 ea
751 2439 784 2481 re
797 2417 995 2484 decernerem
1008 2421 1040 2481 et
1050 2415 1191 2500 ineptius
1206 2416 1304 2481 etiam

260 2537 364 2604 addit:
395 2543 498 2625 ἑώρων
529 2541 600 2613 τούς
632 2537 794 2613 1111111111,ι
826 2537 875 2602 ἐπ’
899 2539 998 2619 αὐτὴν
1029 2539 1203 2622 ὁρμῶντας,
1227 2535 1304 2600 ὥστε

261 2655 384 2733 εἴκαζον
408 2656 524 2737 ἀμείνω
548 2648 630 2720 εἶναι
654 2657 763 2736 αὐτήν.
781 2655 856 2720 Jam
871 2655 904 2748 id
920 2654 1029 2718 saltem
1045 2653 1203 2718 Lucienus
1219 2627 1317 2736 apud-

259 2775 390 2839 lectores
426 2760 532 2838 effecit
576 2785 612 2836 ut
646 2773 768 2837 Stoicus
802 2773 982 2836 derideatur
1016 2771 1057 2835 ab
1092 2771 1239 2836 omnibus
1274 2772 1305 2834 et

260 2893 393 2958 stoicam
416 2891 651 2976 philosophiam
674 2891 739 2955 fere
759 2895 1010 2955 contemnamus.
1035 2888 1096 2954 Sed
1112 2888 1168 2964 hic
1180 2909 1305 2972 quoqne
1395 2888 1397 2893 ’

261 3017 299 3076 ut
320 3013 356 3076 in
376 3031 471 3077 cauea
489 3010 641 3074 Murenae
667 3008 798 3076 Oatonis
821 3009 903 3074 ratio
927 3009 1179 3074 commendanda
1201 3029 1305 3092 neque

261 3131 329 3196 sino
363 3130 599 3214 contemptione
637 3130 774 3214 quadam
808 3129 1065 3194 exclamandum:
1095 3129 1151 3202 Ὡς
1182 3127 1303 3208 γελοῖον

262 3253 382 3317 doctor
406 3253 527 3337 ἔχομεν.
551 3248 637 3314 Nam
660 3254 692 3314 et
715 3247 824 3313 Cicero
847 3247 1008 3332 quondam
1028 3250 1060 3310 et
1079 3247 1239 3312 Lucienus
1257 3247 1305 3310 nil

262 3371 437 3456 quidquam
467 3386 560 3455 agere
591 3369 705 3434 volunt
736 3386 833 3452 quarn
863 3370 901 3430 ut
924 3387 981 3450 pro
1004 3370 1120 3430 natura
1143 3370 1175 3431 et
1196 3366 1304 3430 indole

263 3488 492 3554 carmidicorum
523 3487 704 3552 auditorum
740 3485 864 3549 animos
886 3483 922 3548 in
945 3505 978 3548 se
1001 3486 1207 3562 convertent,
1231 3499 1307 3548 cau·

263 3630 391 3694 samque
415 3607 590 3674 obtineant.
615 3605 710 3672 Nunc
733 3608 841 3669 autem
863 3603 969 3669 Stoico
991 3599 1130 3668 refutato
1153 3606 1186 3666 et
1207 3617 1308 3686 paene

263 3748 410 3814 oppresso
432 3727 591 3793 Lucienus
613 3725 680 3810 ipse
696 3724 773 3810 quid
796 3723 835 3788 de
850 3745 888 3788 ea
903 3745 937 3788 re
960 3723 1078 3788 sentiat
1092 3721 1234 3787 dicturus
1249 3724 1306 3788 est.

306 4007 331 4086 l)
351 4011 394 4070 cf.
417 4008 628 4079 Hermotimus,
651 4007 684 4066 O.
709 4008 758 4065 ll.
783 4003 921 4080 Magister
939 4003 1112 4062 Hermotimi
1136 4003 1208 4062 bene
1224 4008 1308 4080 potus

264 4120 474 4198 Euthydemum
491 4119 708 4198 Peripateticum
727 4115 759 4174 in
780 4114 842 4171 rixa
864 4108 933 4191 περὶ
950 4094 995 4172 ὧν
1020 4110 1131 4174 ἐκεῖνοι
1156 4109 1307 4174 rideam

263 4223 440 4305 ἀντιλέγειν
464 4229 528 4297 τοῖς
551 4223 613 4288 clud
636 4229 691 4307 τῆς
713 4220 820 4290 Στοᾶς
844 4223 982 4284 vulneret.
