3372 5180
770 567 787 636 7

257 788 416 852 tilentiam
441 788 533 872 data,
557 792 594 851 ut
618 787 758 872 virgines
780 792 844 851 tres
867 791 923 851 aut
945 788 1051 871 plures
1073 788 1295 865 immolentur,

258 908 310 972 sed
334 907 471 971 mellitos
495 907 662 970 verborum
686 906 830 990 globulos
859 908 891 970 et
913 906 1022 971 omnia
1045 907 1128 970 dicta
1150 907 1297 991 factaque

258 1026 347 1110 quasi
362 1047 520 1109 papavere
536 1029 567 1089 et
579 1047 699 1088 sesamo
715 1035 840 1108 sparsa»
859 1026 892 1110 ¹).
910 1025 985 1089 Non
999 1026 1091 1090 credo
1103 1047 1297 1111 quemqnam

258 1145 359 1209 acrius
382 1149 438 1208 ant
460 1145 582 1229 maj0re
604 1165 676 1208 cum
696 1147 898 1227 contemptu,
915 1144 1069 1228 quidquid
1084 1144 1118 1207 in
1134 1144 1297 1210 rhetorum

208 1322 212 1328 .
258 1263 372 1328 scholis
392 1286 429 1327 ea
448 1267 552 1326 aetate
562 1262 632 1326 fieri
644 1263 773 1345 soleret,
793 1263 988 1346 improbasse
1000 1285 1096 1346 quam
1108 1263 1129 1329 J
1133 1265 1302 1328 uvenalem
1323 1291 1328 1296 ·
1397 1282 1399 1288 '

258 1381 313 1445 ubi
328 1381 553 1458 Hannibalem,
567 1403 726 1445 summum
739 1381 850 1444 ducern
860 1381 907 1444 ita
923 1381 1103 1464 alloquitur.
1123 1382 1155 1445 «l
1170 1382 1298 1447 demens
1409 1459 1412 1470 Ι

258 1504 290 1564 et
312 1523 422 1565 saevas
441 1522 530 1564 curra
545 1522 601 1585 per
618 1499 731 1584 Alpes,
755 1504 792 1564 ut
806 1500 912 1583 pueris
926 1501 1049 1584 placeas
1064 1504 1095 1564 et
1111 1500 1297 1565 declamatio

256 1621 329 1684 fias»
359 1622 392 1705 ἢ.
424 1620 484 1685 Sed
517 1621 555 1684 de
578 1621 638 1684 hoc
660 1624 769 1704 postea
793 1621 889 1684 latins
912 1620 973 1684 erit
997 1621 1169 1684 disserendi
1191 1621 1295 1697 locus,

256 1740 291 1804 in
325 1740 502 1824 praesentia
536 1739 593 1803 illa
616 1739 784 1804 sufficiant.
819 1739 980 1803 Lucienus
1010 1739 1110 1824 igitur
1137 1744 1174 1803 ut
1202 1762 1297 1823 supra

257 1859 394 1923 diximus
416 1859 576 1942 ingressus
600 1864 647 1922 est
666 1859 797 1922 eandem
813 1859 899 1922 viam
915 1863 1011 1943 atque
1028 1882 1136 1923 omnes
1152 1861 1297 1944 aequales

258 1977 373 2061 quibus
395 1999 523 2061 operam
547 1978 620 2041 dare
643 1978 757 2042 litteris
773 2000 866 2042 curae
881 1982 969 2054 erat:
992 2001 1055 2062 quo
1070 1980 1139 2042 loco
1154 1979 1298 2043 imbutus

258 2096 299 2159 sit
326 2096 437 2180 primis
460 2096 635 2160 rhetoricae
658 2096 808 2161 scientiae
831 2096 995 2160 elementis
1017 2119 1131 2180 parum
1154 2102 1297 2175 constat,

257 2214 284 2277 si
314 2214 418 2297 ipsum
449 2219 603 2298 utsupra
625 2215 728 2279 facere
750 2215 949 2280 instituimus
972 2215 1072 2279 vitam
1096 2220 1297 2280 enarrantem

164 2361 165 2365 ¹
257 2332 366 2396 audire
382 2334 538 2411 volumus,
553 2332 591 2396 ad
609 2355 678 2396 eam
691 2335 828 2398 auctoris
842 2334 927 2398 vitae
937 2336 1062 2417 partem
1073 2335 1297 2398 illustrandam
1386 2398 1389 2403 .

257 2454 473 2537 inspiciendus
484 2454 546 2516 erit
557 2454 650 2517 nobis
662 2454 805 2537 dialogus
825 2452 875 2516 cui
893 2452 1006 2515 titulus
1027 2457 1084 2528 Δὶς
1107 2455 1296 2539 κατηγορού-

256 2602 357 2658 μενος.
395 2573 435 2638 Iu
466 2596 502 2638 eo
530 2574 656 2658 dialogo
680 2579 791 2638 auctor
813 2573 909 2658 fingit
931 2595 964 2636 se
987 2595 1005 2635 a
1028 2571 1185 2636 rhetorica
1207 2594 1296 2635 reum

256 2695 309 2778 agi
332 2701 504 2770 κακώσεως.
530 2695 701 2759 Rhetorica
724 2717 756 2758 sa
779 2718 797 2758 a
820 2693 961 2764 Lucieno
984 2693 1126 2756 relictam
1152 2692 1296 2776 queritur

257 2835 391 2898 eumque
403 2815 442 2876 ad
455 2814 643 2898 Dialogum‚
657 2813 879 2898 Philosophiae
891 2813 994 2877 filium
1010 2812 1181 2876 transiisse.
1199 2811 1297 2896 Syrus

255 2933 309 2996 ille
332 2931 357 3018 ³)
388 2934 475 3016 (nam
508 2937 620 2997 auctor
649 2955 682 2996 se
712 2933 816 3015 ipsum
848 2931 916 3015 Syri
941 2931 1069 2994 nomine
1092 2930 1228 3015 inducit)
1252 2929 1297 2993 sic

255 3054 320 3117 lere
358 3052 529 3115 Rhetorica
564 3051 721 3135 loquitur,
756 3072 814 3134 pro
850 3048 976 3132 magnis
1007 3047 1168 3128 beneficiis
1198 3048 1234 3111 in
1264 3070 1297 3112 se

256 3172 378 3235 collatis
399 3172 545 3234 meritam
567 3170 769 3253 debitamque
785 3169 923 3252 gratiam
939 3184 1140 3251 nequaquam
1155 3167 1295 3243 rettulit,

255 3313 331 3353 nam
355 3310 413 3373 ego
436 3311 508 3352 eum
532 3289 760 3352 adolescentem
785 3286 955 3349 admodum
977 3285 1089 3370 lingna
1105 3285 1207 3350 adhuc
1222 3287 1296 3349 bar·

256 3411 380 3488 barum,
396 3409 526 3493 Assyrio
543 3431 629 3472 more
641 3407 792 3472 vestitum
805 3411 837 3471 et
848 3406 930 3490 circa
942 3405 1070 3470 leniam
1083 3407 1295 3482 oberrantem,

255 3550 359 3613 neque
382 3529 457 3612 quid
481 3549 513 3592 se
527 3527 655 3609 faceret,
671 3525 748 3590 satis
763 3525 866 3590 adhuc
881 3528 1013 3608 certum,
1030 3525 1185 3609 assumpsi
1200 3529 1296 3609 atque

254 3649 391 3714 institui.
424 3649 533 3713 Bonus
556 3647 669 3718 Suidas
692 3647 748 3732 qui
770 3667 1032 3729 nonnumquam,
1063 3645 1193 3728 opinor,
1216 3645 1296 3710 scire

297 4037 321 4114 1)
345 4039 458 4095 Patron.
483 4037 518 4094 ab
541 4037 635 4093 initio.

296 4146 320 4217 a)
344 4141 401 4200 sat.
424 4141 464 4209 x,
491 4144 561 4200 rso.

299 4244 323 4322 ³)
347 4245 396 4302 Bis
419 4251 563 4304 accusatus
586 4243 617 4304 O.
643 4245 693 4304 27.
721 4277 727 4286 ·
