3372 5180
884 571 925 635 38

383 793 422 858 de
440 813 602 878 quaquam
617 811 651 854 re
666 789 729 854 dici
744 811 834 874 posse
846 790 1066 870 arbitraretur,
1078 789 1239 856 fastidiose
1250 789 1429 856 contemnit

383 935 435 977 eos
465 915 497 976 et
525 932 603 974 naso
633 909 798 995 suspendit
827 908 961 974 adunco.
989 909 1099 974 Aelius
1122 910 1279 974 Aristides
1302 908 1429 994 antiqui

384 1036 516 1099 deorum
539 1029 644 1098 cultus
667 1030 805 1094 fervidus
828 1035 952 1094 amator
974 1053 1077 1116 neque
1088 1052 1125 1096 eo
1137 1031 1240 1116 magis
1252 1030 1429 1095 doctrinam

384 1151 599 1218 Christianam
623 1148 786 1234 cognitam
808 1149 946 1229 habens,
972 1172 1024 1214 eos
1047 1149 1191 1233 increpat
1213 1154 1378 1234 tamquam
1403 1145 1428 1234 1)

386 1278 455 1349 τούς
487 1277 520 1339 ἐν
552 1279 591 1358 τῇ
618 1270 818 1358 Παλαιστίνῃ
846 1272 1019 1358 δυσσεβεῖς,
1043 1271 1099 1355 qui
1122 1270 1281 1355 dignitate
1304 1273 1430 1334 antece-

386 1397 496 1460 dentes
507 1393 596 1456 nullo
606 1375 726 1455 honore
734 1391 847 1475 dignos
859 1381 1023 1470 haberent,
1035 1396 1074 1456 τὰ
1085 1395 1143 1475 μὲν
1156 1391 1227 1456 ἀλλ’
1240 1394 1429 1473 ἀφωνότεροι

386 1524 440 1598 τῆς
463 1521 550 1588 σκιᾶς
574 1520 627 1594 τῆς
650 1516 786 1592 ἑαυτῶν,
812 1512 940 1578 ἐπειδὰν
965 1512 998 1576 δὲ
1023 1516 1126 1586 κακῶς
1151 1535 1239 1584 τινας
1261 1515 1357 1576 εἰπεῖν
1374 1511 1429 1596 δέῃ
1491 1543 1494 1547 Δ

387 1638 440 1700 καὶ
465 1632 648 1720 διαβαλεῖν,
672 1639 716 1717 τῷ
740 1631 921 1715 Δωδωναῖα)
942 1635 1000 1715 μὲν
1025 1635 1079 1698 οὐκ
1104 1634 1144 1697 οἷν
1169 1636 1305 1706 εἰκάσαις
1317 1632 1429 1706 αὐτούς

388 1755 533 1842 χαλκείῳ,
557 1757 597 1836 μὴ
622 1755 680 1838 γὰρ
703 1746 728 1816 ὦ
752 1758 824 1830 Ζεῦ,
848 1759 918 1825 ταῖς
942 1751 970 1816 δ’
985 1753 1089 1834 ἐμπίσι
1113 1760 1182 1826 ταῖς
1207 1756 1240 1817 ἐν
1264 1761 1307 1836 τῷ
1332 1753 1431 1835 σκότῳ

386 1877 585 1964 βσμβούσαις.
611 1864 636 1956 ²)
661 1871 787 1934 Marcus
813 1869 996 1934 Antoninus
1018 1868 1132 1934 Caesar
1154 1870 1360 1955 philosophus
1379 1891 1431 1934 eos

388 1997 514 2060 incusat
526 1992 621 2077 ψιλῆς
634 1993 834 2077 παρατάξεως
848 1995 879 2054 et
890 1991 990 2054 fastus
1001 1991 1117 2074 tragici
1125 1991 1205 2075 quae
1213 1995 1282 2054 tum
1291 2012 1432 2074 praeser-

388 2117 448 2181 tim
460 2114 668 2199 apparebant,
681 2134 752 2176 cum
757 2112 891 2195 jamjam
900 2109 936 2173 in
945 2131 981 2173 eo
990 2114 1094 2174 essent
1101 2114 1138 2174 ut
1145 2110 1271 2174 animus
1279 2133 1297 2174 a
1305 2132 1433 2194 corpore

389 2236 612 2300 dissolveretur
633 2225 658 2318 3)
682 2236 715 2297 et
738 2231 840 2296 Marci
863 2230 1024 2295 Antonini
1046 2235 1246 2313 praeceptor,
1260 2232 1434 2295 multorum

389 2357 581 2420 insulsorum
604 2357 636 2417 et
657 2353 840 2435 ineptorum
857 2351 1037 2435 aequalium
1053 2349 1144 2413 facile
1156 2351 1301 2434 princeps
1313 2350 1433 2415 calum-

389 2477 489 2540 niosis
512 2474 682 2538 admodum
706 2472 809 2537 verbis
834 2493 886 2535 eos
906 2473 1028 2554 appetit
1039 2469 1064 2554 4)
1084 2471 1239 2535 nefandae
1251 2471 1434 2554 cupiditatis

389 2596 469 2662 falso
491 2596 564 2660 illos
589 2615 734 2679 arguens.
752 2591 871 2669 Quodsi
887 2591 1020 2654 aliorum
1036 2590 1137 2675 igitur
1151 2593 1353 2670 testimonia,
1369 2613 1434 2656 uno

401 2866 606 2879 ...-.--—-

434 3099 458 3176 1)
482 3101 543 3160 Ael.
569 3100 687 3159 Aristid.
711 3100 760 3159 Or.
784 3100 894 3170 XLVI,
917 3119 944 3176 p.
970 3103 1040 3157 309.

434 3204 457 3278 2)
483 3206 569 3282 Fugit
601 3210 756 3282 praeterea,
790 3204 907 3280 opinor,
939 3207 966 3259 et
997 3202 1150 3260 Aristidem
1179 3208 1207 3260 et
1230 3203 1354 3280 reliquos
1377 3203 1437 3260 eius

391 3310 491 3367 aetatis
499 3309 646 3385 scriptores
654 3309 817 3386 plerumque
829 3307 980 3364 discrimen
992 3307 1066 3362 inter
1077 3307 1094 3363 J
1096 3306 1201 3364 udaeos
1213 3321 1240 3364 et
1252 3307 1435 3366 Christianos.

391 3412 544 3470 Christiani
554 3432 650 3470 eorum
658 3412 768 3486 judicio
780 3416 858 3469 erant
874 3415 948 3466 secta
960 3429 993 3466 ex
1005 3409 1131 3479 Judaeis,
1141 3410 1313 3468 hortantum
1321 3411 1437 3469 nomine

391 3537 407 3576 a
430 3517 546 3593 reliquis
570 3516 718 3586 differens,
748 3515 825 3592 quod
848 3513 950 3571 Judaei
972 3512 1067 3569 minus
1089 3513 1189 3570 acriter
1211 3520 1237 3570 et
1259 3515 1438 3591 pertinaciter

382 3604 420 3679 'se
440 3626 567 3698 gererent
589 3624 686 3678 corrtra
708 3620 824 3677 deorum
848 3617 1029 3693 antiquorum
1041 3616 1158 3675 cultum.
1178 3617 1330 3676 Christiani
1342 3623 1435 3676 autem

390 3730 419 3782 et
441 3725 522 3781 ilium
545 3723 651 3781 cultum
674 3729 701 3780 et
724 3723 837 3780 divinos
856 3721 978 3778 honores
994 3719 1159 3777 Caesaribus
1170 3719 1290 3776 mortuis
1303 3725 1330 3776 et
1341 3724 1438 3796 postea

391 3825 464 3882 vivis
483 3825 568 3882 etiam
590 3824 679 3882 tribui
701 3825 801 3882 solitos
824 3829 968 3900 tamquam
990 3825 1086 3881 fictum
1105 3823 1222 3880 deorum
1237 3823 1343 3880 cultum
1358 3823 1436 3880 dam·

393 3925 498 3984 nabent
518 3932 546 3984 et
563 3926 759 4003 repudiabant.
780 3927 835 3984 Cfr.
856 3930 997 4002 praeterea
1015 3926 1187 3984 Dindorfed
1199 3926 1437 4003 supralaudatum

395 4029 651 4099 Aristidislooum;
675 4029 741 4088 Dio.
765 4029 841 4087 Cass.
868 4030 924 4097 67,
948 4029 1046 4096 1112,
1072 4031 1163 4087 1118.
1191 4029 1265 4088 Ibid.
1290 4033 1339 4099 37,
1366 4032 1436 4087 lea.

438 4131 462 4219 3)
484 4143 572 4202 Marc.
596 4143 665 4202 Ant.
689 4143 753 4202 Lib.
777 4143 827 4202 XI.
853 4145 880 4200 3.

439 4254 464 4333 4)
486 4259 592 4316 Fronto
614 4261 727 4336 Fregm.
751 4259 805 4318 lid.
828 4258 940 4328 Naber,
963 4277 990 4334 p.
1014 4261 1085 4316 263.
