3408 5180
877 551 919 616 74

380 769 525 848 catenis3'
548 772 574 857 ¹)
612 774 723 836 contra
764 770 800 834 iu
822 769 1017 834 ·Beatorum
1054 736 1167 833 insulis
1212 769 1268 834 ubi
1313 769 1427 855 reliqui

380 889 560 975 philosophi
605 892 662 954 aut
704 911 771 954 non
813 889 946 967 adsunt,
989 892 1044 952 aut
1097 888 1124 952 si
1173 888 1306 968 adsunt,
1353 911 1426 954 cum

381 1012 576 1093 comtemptu
599 1012 781 1074 tractantur
807 1008 946 1093 optimus
968 1006 1126 1093 Epicurus
1163 1029 1235 1072 cum
1261 1007 1427 1093 Aristippo

380 1131 501 1216 primas
547 1129 686 1207 ferebat,
725 1150 839 1213 nempe
883 1128 939 1213 qui
973 1129 1039 1193 sint
1068 1128 1152 1212 ήδεῖς
1186 1132 1239 1193 καὶ
1284 1154 1425 1216 κεχαρισ-

379 1251 468 1335 μένοι
506 1253 559 1316 καὶ
598 1254 877 1333 συμποτικώτατοι,
915 1251 940 1337 2)
963 1249 1133 1316 Artissime
1170 1251 1230 1315 hoe
1266 1252 1354 1329 locu,
1389 1250 1427 1315 ut

381 1370 484 1436 obiter
513 1370 547 1435 id
584 1376 736 1456 tangam,
771 1370 846 1456 qnia
869 1371 1048 1454 sejunctum
1071 1374 1118 1434 est
1144 1393 1163 1434 a
1185 1393 1220 1436 re
1246 1370 1425 1456 proposita,

381 1491 622 1575 conjunguntur
636 1487 794 1573 Aristippi
810 1486 1055 1573 Cyrenaicorum
1070 1489 1223 1574 principis
1243 1493 1275 1553 et
1293 1489 1426 1574 Epicuri

381 1608 532 1687 uomina,
550 1630 650 1693 quum
669 1611 778 1673 tamen
805 1608 910 1688 iilius,
937 1607 964 1672 si
987 1608 1063 1693 quid
1087 1608 1242 1673 credimus
1262 1606 1426 1688 Ciceroni,

380 1728 475 1813 longe
508 1701 571 1791 alia
593 1727 631 1791 de
659 1727 728 1811 ipsa
753 1727 916 1813 voluptate
943 1730 1024 1792 esset
1046 1726 1206 1791 sententia
1223 1731 1325 1813 atque
1347 1728 1427 1812 Epi-

382 1847 466 1925 curi,
490 1844 515 1931 3)
540 1846 658 1911 etenim
681 1846 782 1910 multo
807 1845 909 1930 magis
932 1845 1106 1930 Epicurus,
1137 1848 1314 1932 ἀταραξίαν
1338 1848 1428 1913 illam

383 1967 546 2050 voluptate
576 1963 700 2048 assequi
732 1964 875 2042 volebat,
908 1963 1090 2050 Aristippus
1113 1969 1226 2030 contra
1249 1967 1428 2052 voluptates

382 2087 414 2148 et
436 2082 586 2147 libidines
606 2080 746 2165 corporis
773 2103 934 2145 summum
958 2083 1078 2147 bonum
1101 2085 1259 2169 ponebat,
1282 2087 1308 2173 4)
1331 2107 1428 2170 quam

383 2202 576 2268 sententiam
597 2200 756 2265 Lucienus
778 2201 990 2287 perstringere
1004 2202 1131 2282 rolens,
1160 2204 1263 2282 credo,
1288 2204 1428 2290 Aristip-

382 2344 459 2407 pum
481 2321 678 2386 inVitarum
702 2320 850 2384 auctione
874 2321 899 2406 5)
923 2321 1047 2386 ebrium
1072 2323 1214 2388 venalem
1231 2327 1427 2406 prostantem

382 2442 505 2506 inducit
516 2463 614 2527 quare
624 2444 763 2526 ἂπρατος
787 2443 898 2506 ἔοικεν.
923 2438 985 2505 Sed
1001 2441 1136 2525 jamjam
1155 2441 1248 2506 redeo
1267 2441 1351 2506 unde
1366 2442 1430 2508 huc

382 2561 540 2647 digressus
564 2581 643 2623 sum.
671 2558 863 2624 Audivimus
880 2561 949 2644 jam
961 2559 1136 2643 Epicurum
1148 2560 1328 2643 φιλήδονον,
1343 2561 1428 2626 idem

382 2703 468 2745 nunc
500 2684 644 2768 ὑβριστής
674 2679 781 2743 audiet
816 2702 835 2742 a
871 2677 952 2744 Jove
986 2679 1070 2764 quod
1108 2680 1157 2745 vel
1187 2681 1327 2746 maxima
1358 2682 1429 2745 laus

381 2803 445 2878 est,
469 2820 550 2884 quae
573 2821 592 2862 a
614 2797 755 2862 Lucieno
778 2797 827 2861 illi
842 2797 1001 2881 impertiri
1017 2804 1131 2881 posset.
1150 2799 1176 2884 6)
1192 2799 1332 2863 Tantam
1362 2800 1435 2872 vim,

380 2919 482 2982 inesse
511 2916 638 3001 placitis
671 2915 805 2999 Epicuri
843 2915 993 3000 Juppiter
1028 2917 1190 3000 perhibet,
1225 2905 1263 2982 ut
1293 2919 1333 2982 ad
1356 2919 1429 3010 deos

383 3040 592 3123 congregatos
625 3035 671 3098 ita
706 3035 800 3100 dicit:
835 3042 873 3118 ἠν
907 3037 994 3111 ἅπαξ
1029 3024 1113 3101 οὗτοι
1148 3045 1252 3102 πεῖσαι
1276 3042 1330 3104 τὸν
1355 3040 1427 3126 βίον

385 3159 566 3242 δυνηθῶσιν
602 3159 637 3223 οὐ
671 3158 800 3242 μετρίως
835 3166 1017 3238 πεινήσετε,
1050 3156 1121 3242 quis
1156 3157 1242 3221 enim
1273 3180 1428 3242 usquam,

258 3313 259 3317 =
385 3279 430 3344 sio
471 3278 536 3342 fere
577 3277 737 3362 loquitur,
780 3276 872 3340 nobis
910 3298 1003 3361 porro
1045 3298 1111 3340 rem
1152 3276 1294 3341 divinam
1328 3277 1429 3342 facere

385 3400 486 3479 volet,
529 3399 556 3462 si
600 3397 660 3462 hoc
702 3396 784 3459 nihil
826 3394 888 3459 sibi
929 3396 1130 3478 profuturum
1165 3396 1289 3472 eredat3
1327 3418 1429 3481 nequo

385 3521 502 3583 mirum
525 3522 572 3583 est
597 3517 711 3582 Jovern
733 3515 781 3579 ita
811 3514 973 3600 judicare,
1012 3536 1084 3579 curn
1119 3514 1294 3600 Epicureus
1310 3514 1428 3584 ,Damis'

429 3732 551 3814 ¹)1bid.
576 3738 607 3796 c.
633 3741 682 3795 us.

429 3837 452 3919 ἵ)
475 3843 564 3901 Verae
587 3841 663 3900 Hist.
688 3839 735 3910 11,
761 3842 808 3898 18.

429 3945 453 4023 3)
476 3947 534 4005 Cic.
559 3945 647 4003 Aeud.
670 3943 715 4014 II,
740 3947 789 4001 43.

426 4040 450 4127 4)
474 4052 515 4109 (ΙΙ.
538 4050 579 4108 de'
596 4068 628 4107 ea
642 4068 680 4106 re.
700 4048 828 4117 anuns,
853 4048 906 4104 Die
919 4045 1100 4114 Gcschichte‚
1122 4050 1173 4102 cte.
1192 4045 1252 4114 III,
1269 4047 1341 4121 1,p.
1356 4047 1428 4106 475,

431 4151 455 4229 ⁵)
479 4156 510 4214 C.
537 4157 585 4214 12.

343 4327 346 4334 ,
429 4259 454 4336 6)
475 4259 679 4336 Iearomeuipp.
704 4258 735 4316 Ο,
763 4260 812 4315 35.
