3408 5180
856 531 897 594 78

353 749 440 813 iuter
470 751 573 813 cetera
603 746 719 832 quibus
757 747 962 830 empturienti
1002 747 1210 814 homuncioni
1239 770 1398 814 commen-

356 868 465 945 detur,
487 866 548 932 hoc
569 865 668 930 habet
690 869 727 929 ut
748 888 768 929 a
790 863 948 930 Mercurio
971 866 1116 964 πλούσιος
1138 872 1278 934 vocetur.
1299 866 1345 932 At
1361 889 1399 932 ea

356 1007 422 1048 non
445 984 508 1049 nisi
541 983 581 1047 ad
613 985 777 1047 externam
811 983 947 1066 speciem
970 989 1003 1049 et
1036 985 1183 1051 habitum
1216 987 1397 1071 pertinent:

356 1104 519 1169 videamus
541 1106 666 1180 autem,
690 1102 841 1186 quoniam
860 1124 1020 1168 versamur
1034 1105 1070 1170 in
1085 1128 1122 1170 ea
1136 1110 1227 1191 parte
1242 1115 1296 1189 τῆς
1319 1108 1398 1196 βίων

355 1232 492 1310 πράσεως
502 1221 599 1286 ubide
607 1220 825 1306 Peripateticis
834 1221 955 1286 mentio
963 1222 1104 1309 fit,quid
1112 1226 1400 1309 auctorprotulerit

358 1346 413 1409 ubi
435 1345 474 1409 de
504 1342 684 1407 Aristotelis
714 1341 839 1425 placitis
867 1341 910 1406 sit
935 1343 1154 1427 judicandum.
1171 1345 1203 1432 ¹)
1218 1409 1220 1414 ,
1235 1344 1325 1421 Quod
1347 1347 1399 1411 vel

357 1464 533 1529 maximum
549 1467 613 1541 est,
633 1462 678 1527 sic
692 1462 758 1527 fere
772 1461 948 1528 Mercurius
963 1465 1032 1550 agit
1047 1487 1119 1530 cum
1135 1466 1260 1531 emendi
1275 1466 1399 1552 cupido,

357 1580 586 1666 Peripateticus
608 1580 661 1646 illc
684 1580 813 1654 διπλοῦς
837 1582 893 1644 est.
918 1578 1077 1665 acquod
1100 1574 1287 1645 statim'ille
1303 1580 1399 1645 mira-

332 1701 483 1765 ‘bnndus
516 1700 687 1766 exclamat:
710 1705 785 1775 Πῶς
810 1699 930 1780 λέγεις,·
952 1698 1061 1764 Bonus
1091 1703 1200 1764 cirtem
1225 1699 1401 1766 Mercurius

357 1823 553 1886 mercaturae
595 1819 728 1885 fortasse
761 1825 915 1905 patronus
948 1820 1158 1905 peritissimus
1192 1824 1225 1886 et
1261 1821 1401 1905 optimus

356 1961 486 2025 praeco,
503 1939 622 2024 siquid
645 1940 681 2003 in
691 1939 895 2025 ,philosophia
910 1941 1116 2005 statuendum
1132 1944 1164 2004 et
1178 1940 1401 2025 explicandum

357 2060 399 2124 sit
421 2081 497 2124 sane
523 2081 590 2124 non
620 2064 684 2126 τῶν
710 2061 885 2128 ἐπαϊόντων
908 2067 1027 2129 τούτων
1051 2060 1121 2145 πέρι
1145 2059 1307 2145 siguificat
1328 2082 1401 2125 eum

357 2178 454 2243 alium
490 2182 597 2257 extra,
633 2179 731 2244 alium
762 2180 851 2246 intus
876 2181 977 2246 videri
1004 2181 1081 2247 ὥστε
1114 2187 1153 2265 ἤν
1188 2182 1263 2268 πρίῃ
1290 2183 1400 2262 αὐτὸν,

355 2299 492 2385 μέμνησο
515 2299 570 2368 τὸν
592 2303 651 2384 μὲν
676 2305 866 2388 ἐσωτερικὸν,
890 2304 946 2368 τὸν
970 2301 1003 2368 δὲ
1017 2302 1196 2387 ἐξωτερικόν
1212 2299 1328 2366 καλεῖν.
1346 2299 1402 2366 Nil
1429 2280 1437 2298 ⁸

357 2420 442 2484 ultra
465 2413 558 2506 rogat
590 2426 714 2505 emptor
739 2426 771 2486 et
801 2421 977 2486 Mercurius
999 2443 1125 2506 quoque
1151 2421 1190 2486 de
1213 2443 1249 2486 ea
1271 2442 1305 2486 re
1332 2443 1402 2487 ver·

315 2607 317 2612 ,
356 2539 433 2603 bum
468 2562 534 2604 non
569 2527 705 2625 amplius
739 2540 828 2605 addit
838 2567 847 2619 ;
882 2540 1041 2606 Lucienus
1082 2541 1135 2606 bic
1166 2529 1292 2626 quoque
1326 2540 1402 2606 satis
1456 2629 1459 2638 .

357 2658 471 2723 habuit
493 2659 643 2724 lectorem
666 2662 780 2723 trunca
797 2662 829 2722 et
841 2661 932 2723 curta
943 2658 998 2722 illa
1013 2655 1226 2745 explicatione
1241 2659 1402 2723 munitum

358 2800 377 2840 a
396 2799 463 2842 sese
480 2776 656 2856 dimittere,
677 2777 761 2862 quod
774 2781 829 2842 aut
842 2777 924 2842 male
934 2777 1093 2843 intellexit
1108 2779 1174 2863 ipse
1186 2778 1303 2862 placita
1314 2778 1403 2844 Peri-

358 2895 568 2981 pateticorum
599 2899 656 2960 aut
685 2896 783 2981 probe
813 2896 931 2961 sciebat
961 2895 1009 2960 nil
1038 2895 1078 2960 ad
1109 2894 1316 2960 deridendum
1338 2918 1404 2961 csse

357 3015 513 3081 efficacius
543 3037 639 3100 quam
666 3017 693 3081 si
716 3015 787 3101 quis
809 3038 846 3082 ca
869 3038 950 3101 quae
980 3017 1063 3101 apud
1089 3019 1250 3082 auctorem
1277 3021 1350 3102 apte
1372 3021 1405 3082 et

360 3136 471 3202 ordine
486 3135 745 3219 conjunguntur,
758 3133 805 3198 ita
816 3134 900 3199 nude
912 3137 944 3198 et
956 3134 1024 3199 sine
1043 3134 1154 3199 ordine
1165 3135 1229 3200 ullo
1244 3140 1403 3220 apponat,

358 3258 442 3342 quod
468 3279 504 3322 eo
526 3254 649 3320 facilius
672 3255 718 3333 fit,
742 3254 798 3318 ubi
821 3254 860 3319 de
882 3255 1007 3339 reipsa
1026 3254 1192 3338 judicandi
1214 3254 1309 3341 periti
1336 3276 1403 3320 oer-

356 3381 430 3442 tant
452 3380 484 3441 et
507 3375 609 3440 adhuc
632 3374 691 3438 sub
711 3372 819 3458 judice
841 3373 881 3437 lis
904 3376 961 3437 est.
978 3371 1078 3438 Plane
1101 3377 1180 3438 esta
1196 3395 1230 3436 re
1242 3373 1403 3459 proposita

357 3495 454 3560 latius
475 3495 514 3559 de
532 3515 568 3558 ea
581 3491 765 3577 quaestione
780 3490 947 3569 disserere,
967 3489 1045 3556 satis
1059 3490 1247 3556 habebimus
1262 3491 1404 3557 indicare

358 3629 421 3698 quo
451 3610 613 3677 interioris
647 3608 780 3674 notitiae
804 3609 927 3694 cupidis
948 3610 1010 3674 iter
1033 3609 1220 3674 vertendum
1244 3609 1303 3688 sit,
1326 3632 1403 3675 nam

358 3732 410 3798 hic
434 3736 517 3798 certe
541 3729 626 3795 valet
663 3728 882 3816 Vergilianum
905 3727 1002 3793 illud:
1032 3726 1123 3794 «Non
1146 3731 1292 3793 nostrum
1318 3727 1404 3792 iuter

366 4013 571 4028 -uu———nfi

401 4213 424 4297 1)
447 4220 505 4281 Vit.
529 4223 602 4279 auct.
625 4218 657 4279 (l.
685 4221 734 4278 26.
