3408 5180
771 557 812 624 97

273 781 458 864 ἄνθρωπος,
481 777 580 840 immo
617 775 723 860 potius
753 794 881 858 sequere
912 773 1024 838 ducem
1057 775 1127 838 viae
1164 772 1318 840 brevioris

272 897 367 961 simul
397 902 429 962 et
460 896 650 962 amoenioris
681 895 845 975 πάγκαλον
878 894 1000 978 ἄνδρα,
1036 893 1315 978 διασεσαλευμένον

273 1018 308 1081 cd
338 1017 487 1105 βάδισμα,
520 1014 782 1098 ἐπικεκλασμένον
814 1019 867 1080 τὸν
899 1015 1030 1102 αὐχένα,
1066 1021 1245 1093 γυναικεῖον
1281 1015 1315 1077 τὸ

273 1136 414 1224 βλέμμα,
431 1136 577 1223 μελιχρόν
595 1139 629 1200 τό
645 1142 792 1220 φώνημα,
808 1147 912 1220 μύρων
929 1135 1143 1217 ἀποπνέοντα,
1163 1134 1203 1198 ad
1221 1135 1314 1218 queni

273 1259 299 1321 si
323 1258 488 1322 accesseris
512 1258 620 1322 rhetor
648 1257 708 1322 eris
742 1280 759 1321 e
790 1256 924 1342 vestigio
955 1259 987 1320 et
1017 1256 1162 1344 βασιλεύς
1193 1259 1227 1322 ἐν
1251 1263 1316 1330 τοῖς

273 1377 377 1457 λόγοις
406 1380 541 1462 ἀπονητὶ
573 1377 631 1442 fies
654 1377 681 1440 si
696 1377 797 1441 modo
821 1377 904 1460 quod
927 1376 979 1441 vel
1000 1377 1176 1440 maximum
1201 1383 1248 1440 est
1270 1379 1315 1439 ts·

271 1517 343 1562 cum
359 1497 471 1562 afferas
485 1496 665 1573 inscitiam,
686 1495 849 1560 audaciam
866 1499 962 1580 atque
977 1494 1227 1579 impudentiam,
1255 1516 1315 1578 pu-

271 1615 379 1680 dorem
423 1637 498 1681 uero
543 1623 599 1679 aut
644 1614 837 1698 aequitatem
884 1621 940 1678 aut
996 1613 1183 1679 modestiam
1228 1614 1315 1678 domi

271 1735 443 1820 reliqueris.
483 1734 620 1799 Proinde
651 1755 726 1798 cura
756 1736 793 1796 ul
823 1755 946 1817 semper
975 1736 1081 1798 tecum
1112 1734 1154 1798 sit
1183 1738 1241 1821 βοὴ
1266 1735 1314 1799 ὃτι

270 1857 397 1939 μεγίστη
420 1859 472 1919 καί
503 1855 595 1937 μέλος
617 1855 841 1940 ἀναίσχυντον,
864 1853 1041 1938 pedissequi
1062 1875 1145 1937 pone
1168 1854 1262 1918 multi
1284 1858 1317 1918 et

270 1996 393 2058 semper
408 1974 497 2038 liber.
515 1973 601 2049 Quae
617 1974 656 2037 ad
672 1977 820 2037 ornatum
837 1975 868 2036 et
884 1973 1034 2037 vestitum
1055 1971 1219 2055 pertinent
1241 1994 1314 2037 cum

270 2093 441 2178 diligenter
480 2091 646 2176 perfeceris
686 2091 751 2154 dux
789 2090 842 2154 ille
881 2094 955 2154 tuns
987 2090 1049 2154 tibi
1086 2091 1231 2156 narrabit
1276 2091 1315 2155 de

271 2212 432 2277 vocabulis
452 2216 485 2276 et
505 2211 722 2276 locutionibus
744 2232 826 2293 quae
841 2209 876 2273 in
897 2214 1048 2294 promptu
1064 2210 1181 2274 babere
1204 2211 1314 2289 debes,

270 2354 385 2416 nempe
407 2332 632 2398 πεντεκαίδεκά
654 2357 716 2396 πον
738 2336 759 2414 ἤ
781 2331 817 2395 οὐ
841 2328 926 2394 πλέω
949 2355 983 2408 γε
1006 2334 1069 2395 τῶν
1095 2330 1210 2396 είκοσιν
1229 2329 1313 2394 Ἀτ-

271 2458 343 2519 τικά
373 2456 513 2537 ὀνόματα
543 2452 670 2529 ἐκλέξας
706 2455 822 2531 ποθέν,
858 2454 910 2514 καί
942 2455 1042 2515 ταῦτα
1065 2453 1202 2537 ἀκριβῶς
1226 2455 1317 2535 ἐκμε-

272 2572 399 2656 λετήσας
430 2575 579 2659 πρόχειρα
610 2574 658 2636 ἐπ’
694 2575 792 2656 ἄκρας
823 2578 876 2652 τῆς
907 2569 1048 2654 γλώττης
1076 2573 1139 2657 έχε,
1163 2573 1197 2635 τὸ
1220 2576 1314 2656 ἄττα,

272 2695 323 2756 καί
341 2689 435 2776 κᾷτα,
455 2695 509 2756 aul
524 2696 605 2774 μῶν,
624 2693 676 2755 καί
691 2691 850 2774 ἀμηγέπη,
863 2693 916 2755 καί
934 2689 1043 2776 λῷστε,
1060 2695 1113 2757 καί
1130 2695 1317 2759 τὰτοιαῦτα

272 2815 323 2877 καί
348 2817 382 2879 ἐν
405 2816 523 2878 ἅπαντι
548 2811 631 2894 λόγῳ
654 2818 798 2896 καθάπερ
822 2836 853 2874 τι
876 2811 997 2894 ἥδυσμα
1020 2813 1173 2878 ἐπίπαττε
1196 2814 1313 2879 αὐτῶν.

271 2929 351 2996 Cum
381 2932 421 2996 iis
452 2931 613 2996 vocabulis
643 2938 749 2995 autem
784 2931 931 3016 colligere
965 2931 1093 2996 debebis
1115 2933 1260 2998 abstrusa
1283 2937 1316 2998 et

270 3050 438 3136 peregrina
468 3049 566 3114 verba
596 3071 677 3133 quae
705 3048 841 3133 jaculari
863 3049 962 3133 possis
995 3050 1031 3113 in
1055 3052 1186 3137 eosqui
1208 3056 1313 3118 tecum

271 3167 462 3253 loquuntur,
487 3188 516 3230 v.
541 3188 567 3231 ο.
592 3186 650 3250 pro
673 3166 737 3230 sole
759 3165 808 3229 uti
831 3167 917 3231 dicas
941 3167 1172 3255 εἱληθερεῖσθαι
1196 3174 1228 3234 et
1256 3194 1314 3257 pro

272 3287 410 3353 diluculo
433 3289 501 3374 (τὸν
525 3288 653 3372 ὄρθρον)
677 3287 878 3372 ἀκροκνεφές.

316 3409 398 3473 Eam
421 3409 523 3494 ipsam
550 3407 709 3473 rationem
731 3408 843 3474 utendi
866 3409 1018 3474 abstrusis
1043 3415 1075 3476 et
1099 3411 1197 3477 caecis
1220 3433 1313 3478 voca·

272 3528 356 3593 bulis
378 3528 478 3593 fusius
494 3532 527 3602 et
541 3527 696 3613 copiosius
711 3528 913 3611 perstrictam
929 3532 961 3593 et
975 3529 1154 3595 traductam
1170 3530 1314 3596 videmus

273 3648 308 3712 in
331 3647 456 3732 dialogo
478 3669 573 3732 quem
593 3646 753 3711 Lucianus
776 3668 808 3710 sc
823 3647 972 3712 habuisse
987 3648 1082 3712 finxit
1097 3670 1169 3714 cum
1183 3648 1312 3715 homine

273 3766 410 3851 quodam
428 3766 480 3831 oui
495 3787 613 3830 nomen
635 3763 830 3849 Lexiphanis
851 3764 985 3844 indidit,
1009 3789 1072 3850 quo
1087 3767 1216 3833 nomine
1231 3757 1313 3833 nibil

274 3890 358 3952 certe
381 3885 495 3950 melius
517 3885 683 3968 designare
699 3883 805 3968 potuit
820 3884 966 3967 ineptum
981 3884 1074 3950 illum
1099 3887 1314 3972 magistellum

273 4005 329 4090 qui
357 4027 429 4070 vere
466 4005 651 4070 «uerborum
681 4006 873 4067 ostentator»
909 4008 965 4068 est.
994 4003 1193 4090 Lexipbanes
1215 4006 1317 4091 igitur

274 4125 330 4210 qni
345 4122 501 4209 quidquid
522 4122 665 4208 loquitur
680 4125 736 4186 sut
751 4121 862 4186 scribit
883 4145 919 4187 eo
935 4123 1066 4189 consilio
1082 4146 1175 4210 agere
1189 4125 1316 4190 videtur

274 4262 341 4305 non
363 4244 401 4304 ut
416 4241 608 4305 sententiam
625 4239 761 4304 declaret
783 4261 893 4304 verum
912 4244 949 4306 ut
969 4263 1039 4306 eam
1054 4243 1186 4308 offuscet
1201 4247 1233 4308 ct
1247 4247 1317 4307 atra

1158 4370 1172 4424 ί
