3408 5180
860 551 902 614 92

358 793 474 836 canum
490 763 608 838 instar(
619 771 703 836 Cave
725 771 856 836 interim
872 793 913 836 ne
935 771 1006 856 plus
1018 767 1105 856 justo
1121 770 1227 837 oculos
1242 775 1408 837 convertas

360 892 394 955 in
420 914 550 957 uxorem
570 891 692 957 domini
716 896 773 957 aot
795 914 929 976 puerum
952 891 1143 971 formosum,
1167 892 1287 978 alioqui
1309 914 1407 979 grave

360 1011 536 1094 periculum
559 1011 621 1075 tibi
637 1011 835 1076 conflabitur.
861 1011 932 1076 Hoc
947 1012 1061 1077 misero
1077 1014 1170 1077 modo
1185 1013 1285 1077 vitam
1302 1013 1407 1098 deges,

358 1130 458 1195 donec
481 1131 589 1194 tabem
614 1130 663 1194 vel
686 1131 864 1215 podagram
887 1131 1082 1196 contraxeris
1109 1138 1141 1196 et
1159 1149 1262 1216 'quum
1286 1133 1406 1197 morbis

357 1248 420 1313 illis
429 1247 727 1334 affectussaepetibi
735 1250 988 1315 decumbendum
996 1251 1405 1336 erit‚simulataaegrotatio

360 1367 516 1432 videbitur
550 1372 583 1432 et
623 1369 796 1434 officiorum
832 1369 920 1454 fuga.
961 1369 1046 1435 Huic
1080 1392 1285 1435 aerumnosae
1319 1371 1404 1435 vitae

358 1486 499 1552 mercede
530 1484 757 1551 conductorum
793 1483 987 1551 Graecorum
1019 1486 1112 1551 modo
1146 1487 1243 1550 finem
1281 1487 1412 1571 imponi*

357 1629 448 1692 posse
471 1605 631 1670 Lucienus
655 1605 746 1669 docet
769 1605 929 1670 calumnia
947 1589 1084 1690 quadam
1100 1605 1206 1685 illata,
1226 1628 1289 1690 qua
1304 1607 1404 1670 Grae-

358 1727 446 1793 culus
476 1724 559 1789 foras
595 1724 789 1808 expellatur,
813 1746 972 1809 quamque
1007 1725 1098 1790 avide
1121 1725 1268 1789 dominus
1291 1725 1406 1810 arripit

357 1846 442 1931 quod
467 1844 656 1929 decrepitus.
671 1844 740 1926 jam
765 1847 797 1908 et
827 1844 915 1909 senio
939 1844 1100 1909 confectus
1128 1844 1332 1929 philosophus
1355 1845 1406 1909 vel

357 1966 466 2031 rhetor
481 1986 547 2028 non
567 1963 704 2047 amplius
720 1962 816 2026 unius
839 1963 916 2026 assis
940 1963 1155 2028 aestimandus
1178 1985 1244 2028 esse
1261 1964 1404 2048 videtur,

276 2159 279 2166 ¹
358 2089 390 2149 et
406 2088 516 2149 contra
533 2104 629 2168 quam
640 2103 679 2174 ¹se
695 2081 859 2147 defendere
875 2081 1014 2147 misellus
1024 2083 1120 2148 homo
1132 2105 1198 2148 non
1213 2086 1317 2168 potest
1331 2105 1404 2148 cum

357 2202 530 2268 Graeculus
548 2201 605 2286 qni
628 2200 670 2265 sit
694 2203 747 2265 καὶ
772 2202 880 2289 ῥᾴδιος
903 2204 957 2267 τὸν
982 2205 1097 2287 τρόπον
1122 2203 1174 2265 καὶ
1199 2203 1274 2286 πρὸς
1298 2209 1403 2269 πᾶσαν

358 2325 486 2391 ἀδικίαν
510 2322 634 2398 εὔκολος
655 2345 673 2386 a
693 2322 781 2387 nullo
801 2323 863 2387 fide
883 2322 1000 2407 dignus
1021 2323 1186 2388 habeatur.
1211 2322 1271 2387 Est
1292 2345 1405 2407 operae

357 2444 496 2530 pretium
518 2444 615 2509 hocce
634 2441 768 2508 Luciani
792 2441 949 2526 judicium
981 2442 1020 2507 de
1050 2441 1203 2507 Romanis
1233 2463 1404 2526 eorumque

358 2586 430 2628 oum
459 2561 586 2627 Graecia
618 2561 735 2646 agendi
765 2562 890 2626 ratione
912 2583 1101 2645 componere
1122 2584 1195 2626 cum
1223 2561 1404 2626 notisssima

357 2682 522 2748 Juvenalis
547 2681 644 2746 satira
667 2680 773 2746 tertia.
798 2679 893 2764 Apud
915 2681 1001 2746 hunc
1024 2680 1162 2746 Graecus
1185 2685 1217 2746 at
1233 2680 1404 2746 Graeculus

355 2781 441 2865 idom
463 2800 529 2865 fere
552 2805 600 2865 est
635 2822 671 2865 ao
694 2801 789 2864 homo
812 2799 976 2884 improbus
999 2805 1031 2865 et
1055 2800 1195 2865 nefarius
1218 2801 1269 2867 cui
1295 2801 1403 2865 omnia

358 2922 446 2986 lucro
480 2918 633 2983 inferiora
669 2918 734 2983 sint
756 2918 792 3006 ¹),
819 2923 967 3004 totusque
997 2920 1050 2983 ille
1081 2889 1289 2986 Graecorum¹
1308 2942 1404 3004 grex,

359 3040 414 3126 qui
436 3038 557 3105 Romae
586 3039 693 3124 degit,
729 3038 827 3103 fallax
851 3043 883 3104 et
914 3039 982 3104 sine
1020 3039 1081 3103 fide
1114 3038 1180 3103 ulla
1202 3040 1227 3124 2)
1262 3040 1404 3104 urbanae

356 3157 452 3224 faecis
480 3159 567 3224 haud
602 3159 735 3222 minima
768 3182 841 3243 pars
872 3163 928 3224 est.
952 3159 1058 3224 Inesse
1081 3159 1116 3222 in
1138 3159 1188 3223 his
1211 3180 1285 3223 vera
1308 3181 1403 3224 nemo

357 3280 497 3365 negabit,
511 3279 564 3343 sed
576 3300 692 3363 purum
704 3282 817 3363 putum
829 3279 1011 3343 Romanum
1024 3277 1179 3342 Graecum
1191 3299 1315 3362 semper
1326 3299 1402 3344 con-

358 3399 521 3485 tempsisse
533 3403 566 3464 et
588 3400 782 3464 contumelia
795 3399 934 3464 affecisse
946 3420 1045 3483 aeque
1057 3402 1182 3462 constat
1193 3397 1303 3482 utiquo
1314 3401 1402 3482 post-

358 3541 455 3603 quam
469 3518 626 3584 «Graecia
645 3523 738 3603 capta
753 3518 857 3583 ferum
876 3518 1028 3583 victorem
1048 3517 1132 3602 capit
1143 3522 1175 3582 et
1194 3521 1277 3581 artes
1292 3516 1403 3582 intulit

359 3640 477 3724 agresti
500 3638 634 3704 Latio».
658 3638 770 3723 Neque
793 3638 894 3703 solnm
913 3637 938 3702 ii
956 3639 1012 3722 qui
1036 3637 1228 3702 Graecarum
1239 3636 1402 3702 literarum

399 3942 422 4018 ¹)
445 3944 487 4003 cf.
514 3946 549 4007 75
575 3963 635 4022 sqq.
651 3942 755 4001 Omnia
776 3943 857 4016 novit
879 3941 1032 4000 Graeculus
1063 3941 1204 4010 esuriens3
1230 3940 1260 3998 in
1294 3941 1401 3998 caelum

353 4048 485 4123 jusseris,
509 4049 572 4107 ibit.

401 4147 425 4228 2)
448 4153 490 4210 ef.
513 4172 553 4210 vs.
581 4155 657 4209 100:
681 4152 759 4210 natio
781 4150 917 4209 comoeda
940 4156 990 4210 est.

399 4256 593 4314 Conferendus
628 4256 741 4314 videtur
787 4254 822 4312 de
864 4254 991 4312 mercede
1035 4251 1193 4310 conductis.
1238 4249 1399 4312 Philo-ott.
