3372 5180
881 582 923 657 34

378 803 549 899 eodemque
563 817 707 898 tempore
721 813 825 878 omnis
840 813 981 878 humana
997 814 1138 900 dignitas
1150 818 1245 898 atque
1257 818 1424 896 praestan-

380 935 426 999 tia
449 936 617 1000 collabitur
639 939 672 1000 et
693 935 777 1019 perit
799 939 831 1000 et
855 939 892 999 ut
914 939 962 1000 est
984 935 1066 1021 apud
1090 933 1259 1000 Ovidium:

518 1101 628 1120 .....
648 1054 781 1140 «fugere
803 1055 922 1139 pudor,
945 1077 1119 1138 verumque
1141 1054 1299 1139 fidesque:

470 1173 509 1238 In
533 1196 668 1258 quorum
691 1173 814 1238 subiere
836 1173 941 1238 locum
964 1173 1151 1258 fraudesque
1174 1174 1303 1259 dolique

471 1291 672 1377 Insidiaeque
694 1297 726 1357 et
748 1293 797 1357 vis
820 1299 852 1356 et
875 1313 964 1356 amor
986 1293 1154 1359 sceleratus
1176 1293 1324 1358 habendi.

429 1410 504 1475 Non
528 1412 664 1497 amplius
687 1417 775 1476 metu
798 1412 928 1477 audacia
951 1412 1142 1477 continetur.
1166 1413 1301 1498 Parium,
1320 1413 1429 1498 inquit

383 1529 499 1594 Timon
523 1529 690 1595 hominum
714 1553 784 1595 osor
807 1540 903 1616 atque
925 1531 1055 1596 deorum
1071 1532 1106 1596 in
1118 1532 1428 1617 cognominislibelli

382 1648 563 1733 prooemio,
586 1649 692 1733 potius
727 1651 901 1713 metuerint
923 1650 1020 1717 ἕωλον
1048 1651 1229 1737 θρυαλλίδα
1250 1658 1270 1736 ἦ
1292 1657 1349 1735 τὴν
1373 1659 1427 1719 τοῦ

384 1769 624 1856 πανδαμάτορος
656 1778 807 1856 κεραυνοῦ
840 1770 952 1854 φλόγα.
987 1771 1032 1835 Et
1061 1776 1134 1857 post
1163 1794 1265 1857 pauca
1295 1774 1341 1837 ica
1364 1773 1429 1838 fere
1487 1853 1490 1857 ι

383 1889 506 1974 pergit:
539 1888 642 1954 Senex
672 1889 846 1969 fratreas,
870 1912 889 1954 ο
911 1890 1078 1975 Juppiter‚
1107 1891 1160 1955 sed
1183 1913 1282 1975 quum
1301 1891 1430 1975 juvenis

385 2007 488 2072 adhuc
516 2030 597 2072 esses
627 2011 784 2093 ὀξύθυμος
815 2013 859 2076 ὧν
892 2012 943 2075 καὶ
975 2011 1106 2095 ἀκμαῖος
1139 2015 1195 2092 τὴν
1226 2011 1334 2096 ὀργὴν,
1358 2014 1428 2074 tum

385 2127 537 2192 continuo
568 2128 651 2192 belia
681 2150 790 2214 gerere
820 2131 941 2194 solebas
971 2153 1044 2195 cunr
1073 2131 1200 2214 injustis
1231 2129 1297 2194 vim
1326 2131 1430 2194 facere

387 2247 594 2334 conantibus,
612 2249 772 2313 socordiae
788 2253 883 2333 atque
899 2250 1114 2334 negligentiae
1129 2253 1236 2314 autem
1252 2248 1430 2333 praemium

384 2366 507 2446 tulisti,
531 2389 603 2432 cum
627 2390 721 2433 nemo
744 2369 805 2432 tibi
823 2368 960 2452 amplius
983 2390 1050 2432 rem
1066 2368 1209 2433 divinam
1224 2367 1325 2432 fauere
1339 2368 1428 2446 vult,

387 2508 461 2550 mox
491 2487 526 2550 in
556 2487 688 2553 Saturni
717 2489 823 2552 locum
853 2493 885 2552 te
914 2487 1078 2572 redigent,
1107 2488 1207 2552 immo
1236 2508 1311 2552 vero
1342 2509 1429 2552 nunc

383 2607 452 2690 jam
474 2609 592 2691 templa
623 2612 655 2672 et
677 2608 770 2694 signa
792 2613 848 2672 tua
877 2608 1146 2693 impudentissimi
1168 2609 1312 2694 sacrilegi
1335 2609 1430 2693 depe·

386 2727 544 2791 dulantur.
571 2729 593 2813 Ξ)
617 2727 700 2793 Vere
722 2728 823 2813 igitur
844 2729 945 2812 pudor
967 2733 999 2793 et
1021 2729 1123 2813 pietas
1145 2732 1305 2793 cesserunt
1332 2729 1430 2813 inque

386 2845 490 2910 locum
529 2847 603 2912 fidei
641 2853 674 2912 et
711 2849 854 2935 obsequii
891 2849 1000 2932 σκέψις
1035 2853 1068 2914 et
1100 2847 1252 2912 effrenata
1285 2847 1429 2932 nequitia

386 2966 570 3050 subierunt,
601 2968 636 3031 in
665 2973 735 3034 atra
766 2969 902 3054 caligine
919 2969 1078 3032 'mortales
1104 2970 1286 3044 versantur,
1309 2967 1429 3030 adeunt

318 3103 320 3106 ·
386 3086 425 3149 ad
467 3087 584 3152 inferos
624 3088 831 3173 omniumque
866 3096 976 3152 vatum
1014 3087 1160 3171 princeps
1198 3085 1335 3150 Tiresias
1373 3086 1429 3170 qui

387 3208 549 3290 quondam
587 3207 672 3274 Ulixi
704 3213 772 3271 tam
806 3207 946 3293 graviter
984 3206 1176 3271 vaticinatus
1214 3209 1282 3269 erat
1320 3204 1431 3269 suadet

387 3324 490 3389 vitam
502 3325 635 3391 desidem
649 3327 688 3390 ad
703 3326 842 3410 Epicuri,
852 3330 884 3392 et
896 3326 1049 3412 quidquid
1062 3323 1273 3408 οολήδοοικῶν
1282 3346 1429 3388 normam

389 3444 660 3507 accommodatam
680 3443 840 3529 (Necrom.
859 3442 893 3508 O.
915 3445 982 3529 21),
995 3444 1020 3530 2)
1040 3444 1216 3508 ascendunt
1238 3444 1274 3507 in
1297 3431 1429 3520 coelum,

390 3561 437 3625 nil
460 3561 524 3626 nisi
547 3563 685 3646 pueriles
703 3584 806 3647 nugas
821 3564 871 3628 vel
888 3586 987 3628 vanas
1002 3564 1105 3628 minas
1120 3563 1317 3648 percipiunt,
1333 3563 1431 3646 inque

392 3681 492 3745 vicem
512 3681 687 3746 horrendus
709 3681 846 3766 portitor
869 3681 943 3747 Orci
960 3683 1048 3748 venit
1063 3706 1082 3748 a
1097 3682 1224 3746 Tartari
1238 3681 1378 3746 tenebris
1394 3685 1432 3744 ut

437 4052 462 4125 1)
484 4051 553 4112 Luc.
576 4052 650 4112 Tim.
674 4052 742 4130 Cep.
767 4055 801 4124 1,
826 4055 854 4112 4.

434 4160 457 4236 ἵ)
479 4162 618 4232 Necrom²
649 4161 680 4220 O.
706 4164 756 4222 21.
779 4156 862 4229 ὅπως
874 4158 909 4219 vd
922 4159 1021 4240 παρόν
1035 4149 1068 4220 ed
1080 4153 1211 4237 θέμενος
1227 4151 1432 4238 παραδράμῃς

389 4262 490 4347 μελῶν
515 4261 692 4343 τὰπολλὰ,
717 4266 769 4327 καὶ
794 4266 862 4349 περὶ
885 4263 983 4346 μηδὲν
1011 4263 1221 4338 ἐσπουδακώς.
1341 4307 1343 4312 .
