3372 5180
907 599 947 662 22

407 819 514 884 nullus
544 777 648 883 taetus
666 782 742 900 est,
771 819 928 882 exclamat
961 821 1127 901 tamquam
1157 818 1237 882 alter
1266 816 1381 882 Darius
1412 818 1451 882 de

408 937 548 1020 Zopyro:
569 935 681 999 Malim
696 957 798 998 unum
810 935 907 998 talem
918 934 1034 998 habere
1046 934 1170 1018 qualem
1184 934 1349 1018 Damidem
1361 934 1450 999 auxi-

407 1029 563 1131 liatorem,
583 1075 680 1138 quam
703 1057 865 1117 sexcentas
889 1052 969 1116 mihi
992 1052 1172 1136 Babylones
1195 1075 1270 1118 esse.

453 1169 534 1234 Cum
560 1170 640 1236 Jove
668 1169 819 1254 tragoedo
848 1167 1099 1234 commodissime
1122 1170 1330 1254 conjungitur
1351 1193 1451 1254 parva

409 1289 463 1352 illa
493 1288 666 1372 disputatio
697 1287 749 1352 eui
783 1309 898 1351 nomen
923 1289 1011 1354 Θεῶν
1039 1287 1195 1373 ἐκκλησία.
1218 1288 1257 1352 In
1281 1290 1361 1355 dove
1382 1292 1450 1352 tra-

409 1405 509 1490 goedo
530 1405 615 1469 enim
634 1405 730 1469 semel
753 1409 848 1490 atque
866 1404 982 1468 iterum
1000 1405 1119 1469 mentio
1132 1405 1169 1469 fit
1180 1406 1217 1470 de
1229 1427 1265 1469 ea
1277 1428 1311 1470 re
1322 1412 1451 1490 propter

409 1546 505 1608 quem
528 1521 669 1586 Deorum
691 1521 802 1586 ooneio
832 1521 949 1606 scripta
981 1544 1047 1586 esse
1073 1521 1215 1600 videtur,
1243 1523 1264 1589 i.
1293 1546 1318 1588 e.
1342 1524 1452 1590 dedis

408 1639 584 1724 peregrinis
596 1640 678 1723 (περί
692 1647 755 1706 τών
769 1640 921 1724 μετοίκων
933 1643 985 1703 καί
1005 1639 1128 1723 ξένων).
1150 1639 1358 1724 Exponamus
1375 1643 1452 1726 qnid

411 1762 522 1822 auctor
552 1758 590 1821 de
620 1778 658 1820 ea
688 1778 722 1820 re
744 1757 780 1821 in
803 1761 938 1841 utroque
967 1757 1074 1822 libello
1100 1758 1216 1822 dixerit
1243 1762 1281 1822 ut
1303 1761 1452 1826 omnibus

409 1876 544 1961 dialogis
565 1875 621 1960 qui
643 1869 687 1938 ad
705 1873 790 1940 hano
812 1875 948 1958 primam
971 1877 1094 1957 partem
1126 1875 1289 1959 pertinent
1314 1877 1452 1941 breviter

408 1993 558 2077 expositis
581 1992 678 2056 latius
701 1992 851 2056 disserere
873 1996 905 2055 et
927 1991 1085 2074 explicare
1096 1993 1251 2075 possimus
1274 1995 1394 2076 quade
1416 2016 1451 2061 re

409 2111 548 2195 quidque
567 2109 683 2173 dixerit
698 2109 748 2173 vel
764 2109 926 2194 attigerit,
942 2109 1098 2193 simulque
1112 2115 1150 2173 ut
1167 2131 1317 2194 apparere
1335 2113 1450 2195 possit,

409 2229 530 2294 collatis
563 2229 698 2292 aliorum
722 2228 861 2292 eiusdem
895 2228 1008 2292 aetatis
1038 2228 1228 2312 scriptorum
1259 2229 1450 2296 testimoniis

409 2369 451 2410 an
475 2346 607 2411 Luciani
631 2345 692 2410 fide
715 2350 748 2410 et
766 2346 887 2430 judieio
910 2345 1059 2409 standum
1083 2347 1134 2409 sit.
1233 2369 1237 2376 ·

453 2463 723 2539 Quemadmodum
761 2463 897 2527 Athenis
930 2463 1095 2547 quondum
1133 2463 1319 2531 florentibus
1356 2468 1450 2531 multi

407 2583 516 2648 fraude
528 2588 560 2648 et
570 2583 704 2647 fallaciis
715 2584 748 2645 in
765 2584 928 2647 civitatem
939 2583 1146 2667 irrepserunt,
1162 2584 1208 2649 sie
1224 2607 1349 2670 quoque
1363 2587 1449 2671 apud

408 2707 552 2767 nostrum
576 2707 610 2770 ἐν
634 2711 672 2788 τῇ
695 2712 758 2769 τῶν
782 2711 867 2769 θεῶν
891 2704 1038 2787 ἐκκλησίᾳ
1063 2705 1179 2768 multos
1209 2726 1274 2769 esse
1300 2706 1334 2769 in
1362 2708 1448 2772 eoelo

408 2823 737 2908 παρεγγεγραμμένους
756 2822 828 2886 deos
844 2823 978 2906 legimus
990 2827 1022 2886 et
1033 2826 1162 2906 propter
1174 2846 1242 2887 eam
1255 2847 1321 2888 rem
1333 2825 1447 2890 Lucia-

408 2963 469 3005 nns
481 2942 664 3006 ooneionem
675 2941 786 3005 haberi
797 2941 902 3026 fingit.
916 2941 1050 3021 Momus,
1060 2945 1096 3004 ut
1108 2963 1223 3004 nomen
1233 2942 1354 3007 indicat
1363 2921 1449 3009 uitu-¹

407 3063 533 3141 perator
555 3059 735 3135 acerrimus,
759 3057 903 3141 queritur
925 3057 963 3120 de
983 3079 1017 3121 ea
1032 3078 1065 3120 re
1081 3061 1113 3120 et
1128 3057 1319 3121 nominatim
1334 3060 1449 3127 recitat

407 3177 479 3241 deos
509 3177 696 3252 nonnullos,
720 3176 835 3260 quibus
863 3179 968 3238 aetate
996 3174 1129 3238 Luoiani
1166 3175 1241 3238 fides
1271 3176 1449 3241 hebebatur

407 3296 524 3381 quique
557 3296 732 3361 honoribus
766 3296 882 3359 divinis
913 3300 949 3358 ut
979 3299 1008 3359 οἱ
1042 3294 1155 3360 τέλειοι
1187 3299 1257 3361 θεοί
1286 3297 1345 3361 ooli
1368 3299 1415 3361 sol
1434 3336 1448 3348 -

407 3412 496 3478 bant.
531 3412 591 3478 Est
621 3435 733 3496 operae
763 3413 901 3495 pretium
932 3411 1065 3475 nomina
1097 3433 1292 3496 cognoscere.
1318 3412 1449 3489 Quaerit

408 3528 534 3594 Momus
560 3551 598 3593 ex
620 3529 700 3594 Jove
723 3528 810 3610 Att‘
833 3535 851 3594 ό
873 3530 992 3603 ’Ἆπις
1012 3556 1059 3610 γε,
1079 3525 1190 3610 ὦΖεὺ,
1208 3535 1290 3597 καίό
1302 3538 1448 3621 Κορύβας

408 3652 460 3712 καί
495 3652 512 3714 ό
535 3650 695 3736 Σαβάζιος
719 3655 819 3714 πόθεν
850 3656 925 3731 ἡμῖν
951 3648 1252 3734 ἐπειςεκνκληθησαν
1275 3643 1359 3719 οὗτοι
1386 3661 1406 3737 ἠ
1430 3657 1447 3719 o‘

408 3769 540 3853 Μίθρης
567 3773 682 3843 ἐκεῖνος
716 3770 733 3834 o‘
765 3769 918 3850 Μηδοςό
951 3773 1006 3835 τὸν
1034 3770 1154 3837 κάνδυν
1178 3776 1229 3835 καί
1254 3778 1310 3855 τὴν
1334 3781 1446 3859 τιάραν

407 3885 479 3953 οὐδὲ
504 3884 673 3970 ἑλληνίζων
693 3896 733 3972 τῇ
744 3893 846 3972 φωνῇ,
871 3889 948 3952 ὥστε
971 3889 1043 3954 οὐδὲ
1059 3897 1097 3973 η’ν
1116 3894 1232 3979 προπίη
1249 3918 1295 3968 τις
1311 3895 1447 3978 Euripos,-

407 4011 440 4072 et
458 4011 530 4091 post
546 4030 647 4092 pauca
668 4009 767 4073 etiam
790 4008 879 4072 addit
901 4007 1086 4092 Scythicum
1109 4013 1277 4095 quemdam
1305 4014 1340 4077 in
1367 4014 1446 4079 eivi-

407 4129 507 4190 tatem
519 4125 598 4190 coeli
618 4126 780 4209 irrepsisse
802 4127 914 4204 deum,
934 4130 988 4194 τόν
1000 4128 1171 4212 Ζάμολξιν.
1187 4131 1268 4195 Vere
1283 4132 1447 4197 Juvenalis

406 4243 667 4329 indignabundus
689 4249 727 4309 nt
752 4245 816 4308 fere
839 4267 962 4328 semper
985 4247 1190 4313 exclamavit:
