3372 5180
753 552 823 649 ¹n

287 771 442 836 rationem
473 770 673 836 difficultates
703 771 889 856 expediendi
919 772 1074 856 optimam
1087 771 1090 777 ’
1105 795 1171 838 esse
1202 733 1350 855 censet,⁴

288 890 314 954 si
336 891 408 976 quis
424 891 539 976 ⁸credat
561 913 627 955 esse
651 891 821 956 daemones
843 892 997 976 quosdam
1022 893 1128 958 medos
1155 894 1238 960 inter
1254 895 1328 962 deos

288 1013 319 1074 eb
340 1010 502 1075 homines:
527 1014 593 1093 ἐμοὶ
618 1011 651 1076 δὲ
676 1012 799 1080 δοκοῦσι
823 1012 971 1088 πλείονας
996 1012 1084 1080 λῦσαι
1109 1018 1162 1078 καὶ
1181 1017 1328 1099 μείζονας

287 1132 418 1216 ἀπορίας
452 1135 481 1197 οἱ
516 1136 551 1197 τὸ
585 1138 649 1199 τῶν
684 1134 841 1217 δαιμόνων
871 1133 962 1215 γένος
993 1139 1025 1201 ἐν
1056 1135 1138 1223 μέσῳ
1163 1143 1248 1203 θεῶν
1273 1140 1325 1201 καὶ

287 1254 485 1338 ἀνθρώπων.
501 1301 509 1317 .
526 1302 533 1317 .
549 1302 557 1318 .
572 1255 746 1339 ἐξευρόντες
757 1253 790 1332 ¹),
803 1277 917 1344 eosque
935 1255 1047 1339 genios
1066 1277 1138 1320 cnm
1155 1255 1289 1322 Platone
1301 1258 1326 1344 ²)

287 1371 407 1436 medios
432 1373 517 1436 inter
539 1373 612 1438 deos
642 1378 674 1438 et
704 1374 850 1439 homines
881 1375 1023 1442 collocat.
1048 1374 1134 1449 Quae
1158 1377 1326 1460 explicatio

286 1491 438 1575 antiquae
462 1491 535 1557 fidei
562 1494 680 1578 magis,
707 1497 744 1558 ut
773 1493 945 1559 Plutarcho
975 1498 1007 1558 et
1030 1494 1215 1579 aequalibus
1240 1496 1325 1560 vido·

285 1611 380 1675 batur
408 1613 531 1690 saltem,
563 1613 602 1678 ad
633 1613 783 1678 scientiae
805 1635 952 1678 normam
976 1614 1225 1692 accommodata,
1250 1635 1325 1700 gra-

285 1730 417 1794 vitatem
444 1754 560 1797 novam
591 1733 701 1797 attulit
727 1733 829 1797 cultui
856 1734 986 1798 deorum
1010 1732 1065 1818 qui
1085 1734 1153 1818 jam
1176 1733 1326 1816 nonnihil

284 1849 438 1934 pristinae
453 1851 619 1938 dignitatis
641 1852 799 1931 amiserat,
813 1852 1049 1937 multorumque
1061 1853 1161 1916 animi
1173 1875 1210 1917 ea
1221 1859 1326 1918 aetate

284 1970 344 2035 hac
370 1971 522 2058 religIoue
545 1972 662 2036 imbuti
688 1977 787 2036 erant.
809 1972 871 2048 Qui
890 1973 933 2036 sic
950 1972 1138 2055 judicabant
1161 1977 1193 2036 et
1215 1994 1325 2057 super·

283 2090 418 2155 stionem
459 2091 616 2175 gravitate
658 2091 819 2155 involvere
864 2096 896 2155 et
934 2091 1054 2155 cultum
1097 2091 1137 2154 ad
1174 2090 1326 2155 scientiae

283 2216 445 2297 praecepta
469 2233 656 2296 componere
675 2212 736 2276 sibi
760 2212 959 2276 videbantur.
978 2210 1116 2296 Antiqui
1135 2211 1167 2273 di
1186 2211 1325 2296 deaeque

282 2334 391 2395 tamen
413 2354 471 2416 per
494 2332 595 2396 multa
618 2332 741 2396 saecula
765 2331 890 2416 publice
913 2331 947 2394 in
968 2331 1088 2395 honore
1107 2330 1210 2394 habiti
1228 2353 1269 2394 ne
1287 2353 1324 2395 ea

282 2450 409 2534 quidem
422 2455 526 2516 aetate
538 2451 652 2516 debitis
665 2451 837 2516 honoribus
849 2455 1028 2517 caruerunt.
1042 2451 1215 2529 luvenalis,
1229 2473 1323 2535 quem

281 2591 375 2634 nemo
398 2570 455 2655 qui
478 2571 527 2635 val
550 2571 658 2655 paullo
681 2571 859 2636 accuratius
878 2571 991 2636 satiras
1005 2572 1072 2655 ejus
1084 2571 1215 2656 legerit,
1231 2570 1325 2634 nimii

283 2689 435 2773 antiquae
454 2689 617 2774 religionis
638 2690 736 2754 studii
756 2694 878 2775 arguet,
911 2690 966 2775 qui
983 2713 1048 2754 uon
1060 2713 1126 2753 uno
1137 2691 1206 2754 loco
1218 2690 1324 2773 palam

282 2807 403 2873 deridet
425 2812 457 2872 et
479 2809 657 2873 contemnit
683 2813 783 2873 totam
809 2808 897 2872 illam
917 2809 1047 2872 deorum
1066 2809 1194 2872 turbam
1214 2811 1323 2871 tamen

281 2925 404 3011 Aquini
434 2927 589 3010 templum
616 2925 722 2992 Cereri
749 2927 905 2992 Helvinae
928 2926 1061 2991 dedicat.
1086 2918 1215 2992 Tacitus
1239 2949 1322 2990 nou-

281 3069 456 3130 numquam
491 3047 599 3110 omnia
633 3048 668 3110 in
704 3047 834 3112 dubium
866 3068 978 3111 vocare
993 3047 1136 3125 videtur,
1160 3047 1321 3112 interdum

280 3181 386 3230 eutem
414 3187 507 3250 opem
533 3171 565 3230 et
584 3167 738 3230 auxilium
761 3167 891 3231 deorum
910 3168 1004 3250 plane
1026 3171 1060 3230 et
1082 3166 1245 3230 evidenter
1264 3188 1321 3251 ag·

280 3285 384 3350 noscit
398 3285 441 3371 ³).·
457 3284 611 3348 Faustina
634 3285 736 3350 Marci
757 3285 918 3350 Antonini
933 3307 1030 3350 uxore
1045 3285 1081 3349 in
1096 3284 1242 3348 morbum
1259 3285 1321 3347 im-

280 3405 408 3489 plicita,
429 3405 549 3472 Fronto
566 3407 674 3471 sedulo
693 3405 820 3472 Caesari
840 3407 950 3472 scribit
962 3427 994 3470 se
1005 3427 1063 3490 pro
1075 3403 1214 3468 Domina
1227 3425 1320 3468 mane

279 3651 483 3660 ..ι-*-

312 3831 442 3907 ‹1)P1ut.
466 3832 501 3891 de
523 3833 633 3891 delectu
655 3829 843 3889 oraculorum.
866 3827 934 3905 Cap.
959 3831 1008 3885 10.

320 3934 343 4012 ²)
366 3937 407 3997 Of.
430 3937 505 3996 Plut.
528 3937 613 3995 Rom.
638 3938 676 3992 28
701 3953 774 3991 cum.
795 3933 922 3989 Platonis
940 3931 1071 3989 convivio
1093 3935 1104 4007 t
1129 3935 1177 3991 23.

321 4039 345 4116 ³)
367 4041 409 4101 cf.
432 4041 550 4099 omniuo
572 4039 607 4098 de
629 4039 680 4097 hac
702 4058 731 4096 re
753 4036 928 4112 Nipperdey,
956 4035 1123 4111 Eiuleituug
1148 4055 1181 4093 zu
1195 4030 1319 4093 Tacitus'

279 4144 420 4204 Annaleu.
437 4143 565 4202 Beroliui
580 4142 654 4220 apud
677 4140 895 4210 Weidmannos,
908 4159 935 4216 p.
953 4138 1021 4210 XV,
1042 4139 1123 4209 XVI,
1147 4138 1241 4198 XVII.
1253 4138 1318 4197 Tac.

278 4249 355 4308 Hist.
379 4248 429 4307 IV.
456 4251 510 4310 782
537 4248 621 4317 „Nec
640 4247 701 4304 sine
723 4265 775 4323 ope
797 4238 926 4303 divina.''
