3408 5180
777 535 818 598 89

321 755 456 821 Luciani
477 754 587 840 'igitur
610 754 716 838 paullo
746 752 884 818 severius
908 760 940 816 et
966 750 1109 816 acerbius
1134 750 1173 815 de
1195 747 1323 836 Cynicis

272 876 430 964 judicium
453 874 605 959 qnoniam
629 897 646 939 e
665 873 825 939 contrario
841 872 950 957 petitis
966 869 1158 936 testimoniis
1174 869 1322 954 mitigare

277 1021 342 1063 non
366 996 544 1080 potuimus,
568 995 716 1059 recedant
739 993 869 1078 Oyuici,
893 993 978 1077 quod
995 992 1033 1057 de
1048 991 1088 1055 iis
1104 990 1140 1056 in
1156 994 1324 1074 utramque
1363 1047 1365 1050 .

281 1122 405 1203 partem
414 1117 490 1182 satis
502 1116 700 1201 disputatum
710 1137 775 1180 esse
783 1118 941 1198 putemus,
954 1113 992 1177 de
999 1134 1102 1191 scena,
1111 1111 1146 1175 iu
1156 1133 1326 1196 eorumque
1424 1124 1426 1128 ·

280 1239 402 1315 locum,
425 1240 462 1300 ut
494 1235 624 1300 tandem
648 1233 820 1319 aliquando
845 1233 885 1297 ad
907 1232 1051 1297 rhetores
1074 1230 1199 1316 proprie
1226 1229 1328 1295 dictos

281 1357 463 1435 veniamus,
498 1356 522 1419 ii
545 1357 601 1441 qui
625 1355 709 1441 apud
733 1354 886 1420 Nostrum
917 1352 1054 1418 audiunt
1077 1354 1106 1415 οἱ
1141 1353 1191 1418 ἐπὶ
1222 1359 1326 1436 μισθῷ

282 1481 427 1551 συνόντες
450 1474 620 1540 succedant
639 1472 695 1558 qui
718 1472 811 1537 nobis
827 1472 1016 1538 facillimum
1028 1471 1068 1536 ad
1084 1471 1169 1556 ipsos
1187 1471 1329 1538 rhetores

281 1595 454 1659 transitum
477 1595 646 1678 parabunt.

326 1713 442 1782 Nullus
464 1717 513 1777 est
534 1711 667 1776 Luciani
690 1711 816 1776 libellus
835 1711 939 1796 magis
965 1710 1089 1794 lepidus
1111 1715 1144 1775 et
1158 1715 1329 1790 venustus,

282 1835 446 1922 magisque
472 1832 593 1898 fervido
624 1837 656 1897 et
685 1831 843 1896 concitato
875 1829 983 1894 animo
1013 1831 1210 1914 conscriptus
1233 1852 1330 1914 quam

284 1953 311 2018 is
333 1953 448 2037 inquo
472 1951 575 2016 amico
603 1951 739 2015 Timocli
755 1949 918 2014 dissuadet·
929 1970 970 2013 nc
986 1949 1086 2013 vitam
1103 1950 1331 2014 mercenariam

284 2096 393 2138 eorum
424 2077 575 2157 sequatur
603 2072 657 2158 qui
688 2072 723 2135 in
761 2072 928 2136 beatorum
965 2070 1184 2136 Romanorum
1222 2073 1331 2137 domos

192 2189 196 2194 ’
284 2192 414 2257 intrent.
446 2192 495 2256 Ea
526 2192 710 2276 praesertim
742 2191 780 2255 dc
811 2213 905 2255 causa
933 2189 1037 2274 lepido
1064 2191 1170 2256 libello
1194 2193 1331 2257 multum

285 2311 455 2376 tribuimus
475 2310 558 2394 quod
578 2309 613 2372 in
637 2331 673 2373 eo
690 2308 782 2372 nobis
798 2331 816 2372 a
832 2309 952 2373 Graeco
967 2308 1097 2373 homine
1113 2309 1190 2374 scite
1201 2335 1203 2338 ’
1213 2313 1246 2374 ct
1260 2309 1331 2375 'elc-

286 2435 399 2516 ganter
430 2431 598 2514 exponitur
617 2430 656 2494 dc
687 2428 841 2498 Romanis
861 2429 1036 2514 judicium,
1060 2429 1144 2513 quod
1167 2434 1332 2515 tamquam

284 2551 320 2615 in
331 2552 440 2615 tabula
452 2551 572 2636 pictum
587 2550 729 2614 videmus
738 2549 919 2630 Romanum
929 2550 1017 2614 illum
1026 2551 1213 2628 fastuosum,
1223 2574 1333 2635 supcr-

284 2669 1331 2747 bumctacerbeinvictosetsubditosdominationemexercentem,

285 2786 474 2854 Graeculum
491 2792 598 2852 autom
614 2788 835 2853 demittentem
849 2812 930 2867 sese,
945 2792 977 2853 et
989 2789 1076 2872 turpi
1088 2789 1239 2874 obsequio
1253 2790 1334 2854 nihil

284 2928 351 2971 non
381 2906 601 2990 perferentem.
635 2906 803 2971 Praeterea
834 2907 993 2972 Lucienus
1015 2907 1067 2972 hic
1095 2909 1208 2973 saltem
1232 2909 1270 2973 de
1293 2909 1333 2972 iis

287 3046 367 3110 quac
390 3026 485 3109 plane
508 3025 569 3090 sibi
594 3029 671 3090 nota
695 3031 799 3090 esseut
821 3047 915 3110 agere
938 3027 1073 3092 videtur.
1098 3028 1197 3106 Cave,
1210 3028 1255 3092 sic
1269 3029 1334 3092 fere

287 3150 359 3230 post
382 3147 459 3209 satis
479 3145 634 3210 rhetorice
654 3145 864 3229 compositum
887 3146 1085 3230 prooemium
1109 3147 1148 3210 ad
1160 3147 1334 3210 Timoclem

288 3264 414 3342 scribit,
439 3287 480 3328 nc
504 3265 538 3328 iu
557 3265 654 3329 talem
668 3264 815 3328 miseram
829 3264 931 3346 vitam
941 3265 1082 3343 incidas,
1099 3261 1260 3350 egoenim
1272 3266 1335 3331 tibi

287 3385 424 3450 narrabo
449 3389 518 3471 περὶ
543 3391 797 3471 γραμματιστῶν,
816 3388 869 3450 καὶ
886 3389 1023 3471 ρητόρων
1040 3389 1093 3450 καὶ
1109 3392 1265 3468 μουσικῶν
1283 3389 1337 3455 καὶ

288 3503 366 3578 ὅλως
383 3510 446 3571 τῶν
461 3508 511 3570 ἐπὶ
525 3507 654 3588 παιδείᾳ
668 3516 808 3572 συνεῖναι
822 3511 874 3570 καὶ
886 3515 1090 3590 μισθοφορεῖν
1104 3505 1296 3589 ἀξιουμένων
1310 3507 1334 3591 1·)

290 3839 534 3910 Souuruuaonr,
563 3840 595 3912 1,
625 3858 688 3901 xix.
719 3875 760 3884 —
792 3842 834 3901 cf.
866 3841 1022 3911 Burrum,
1052 3860 1080 3917 p.
1107 3843 1176 3899 104.
1204 3840 1334 3909 bauran,

290 3942 352 4017 III,
378 3944 413 4012 1,
439 3945 510 4006 771.
533 3944 625 4002 Miror
648 3945 845 4015 Hnurzunao,
867 3944 914 4002 die
929 3943 1336 4011 Geschichthriechenlands,

289 4045 336 4115 II,
361 4047 420 4109 247
445 4065 505 4123 sqq.
541 4067 577 4104 nc
609 4049 707 4126 primis
734 4049 848 4125 quidem
878 4046 964 4104 labris
993 4047 1120 4122 attigisse
1146 4064 1204 4103 rem
1227 4048 1338 4102 contro·
1454 4050 1458 4058 '

291 4165 411 4208 versam.

336 4250 359 4326 1)
383 4252 426 4309 Βο
449 4253 574 4311 mercede
597 4255 754 4314 conductis.
778 4254 845 4330 Gap.
870 4259 898 4313 4.
