3372 5180
862 551 902 612 16

357 793 424 835 non
446 770 509 834 nisi
532 771 673 834 bumana
697 769 799 854 specie
831 768 892 832 sibi
914 769 1023 832 animo
1046 769 1168 855 fingere
1186 774 1357 854 potuerant
1373 773 1397 858 ¹)

357 912 498 975 quosque
519 891 614 974 plane
636 889 748 954 iisdem
780 909 817 952 ac
840 886 985 952 homines
1019 887 1184 953 affectibus
1218 910 1335 974 pronon
1366 894 1398 954 et

358 1008 510 1073 obnoxios
533 1029 598 1072 esse
614 1007 832 1083 crediderunt,
848 1006 978 1090 insuper
992 1007 1168 1090 loquuntur
1184 1008 1233 1072 vel
1249 1007 1398 1092 garriunt

356 1127 461 1210 potius
484 1130 650 1211 tamquam
672 1125 816 1190 homines
839 1126 878 1188 de
900 1124 1080 1208 plebecula,
1111 1125 1150 1190 iia
1174 1148 1299 1212 quoque
1316 1149 1397 1211 quae

357 1246 468 1309 dicunt
479 1266 545 1310 non
567 1244 650 1308 nihil
672 1244 710 1308 de
733 1243 891 1328 dignitate
907 1243 1084 1328 deperdunt
1099 1267 1171 1310 oum
1186 1245 1270 1311 facta
1288 1269 1395 1312 eorum

357 1365 481 1448 saepius
508 1364 597 1428 omni
628 1362 786 1448 dignitate
808 1364 928 1427 carent.
952 1361 1051 1437 'Quod
1073 1363 1233 1429 Homerus
1256 1370 1289 1430 et
1311 1366 1396 1430 anti-

357 1484 526 1569 quissimus
546 1486 678 1569 quisque
700 1488 884 1568 poetarum,
916 1482 1044 1566 opinor,
1073 1483 1229 1548 intellexit
1252 1486 1308 1549 ubi
1330 1508 1396 1551 non

357 1628 422 1670 uno
451 1606 519 1670 loco
544 1606 617 1673 deos
640 1604 781 1669 humana
804 1604 932 1689 quidem
955 1604 1057 1687 specie
1080 1604 1133 1668 sed
1156 1605 1281 1690 ingenti
1304 1591 1399 1692 magss

356 1722 583 1787 nitudine·vel
614 1723 726 1787 robore
756 1722 918 1806 praeditos
948 1743 1014 1786 esse
1043 1722 1213 1806 praedicat.
1248 1723 1398 1789 Libenter

358 1842 497 1907 Homero
518 1842 720 1926 antiquisque
743 1842 844 1926 poetis
864 1841 975 1906 damus
997 1841 1235 1925 simplieitatem
1250 1865 1396 1928 poeseos,

350 1953 388 2026 ¹et
404 1961 622 2045 concedimus,
644 1966 788 2026 attamen
807 1960 924 2024 mirum
941 1961 976 2024 in
999 1961 1128 2025 modum
1144 1983 1396 2041 commovemur,

356 2085 388 2144 et
410 2076 587 2146 reverentia
616 2079 681 2143 lere
704 2080 805 2144 dicam
836 2078 1012 2143 imbuimur
1045 2081 1101 2143 ubi
1122 2081 1257 2165 legimus
1283 2082 1395 2147 Jovem

354 2200 458 2283 capite
487 2201 656 2262 nutantem
696 2219 851 2282 maguum
887 2196 1060 2281 Olympum
1095 2199 1315 2279 tremefacere,
1346 2202 1395 2265 vel

356 2321 493 2383 Martem
516 2318 719 2382 vulneratum
741 2317 910 2381 clamorem
933 2315 1043 2381 tollere
1065 2317 1192 2402 qualem
1215 2340 1330 2383 novem
1345 2320 1395 2384 vel

355 2439 462 2502 decem
483 2437 572 2501 milia
594 2437 780 2514 hominum,
807 2437 858 2500 vel
880 2435 937 2500 ubi
959 2439 996 2499 ut
1007 2435 1046 2500 ad
1069 2438 1190 2523 πατέρα
1212 2439 1337 2523 ἀνδρῶν
1361 2464 1393 2504 τε

354 2565 440 2626 θεῶν
464 2586 497 2625 τε
520 2558 681 2622 redeamus
707 2558 797 2621 illum
820 2557 1013 2642 gloriantem
1040 2556 1186 2621 audimus
1217 2579 1249 2622 se
1283 2561 1394 2622 catena

353 2684 472 2744 terram
496 2685 529 2745 et
545 2702 632 2744 mare
650 2702 722 2745 cnm
738 2680 887 2744 omnibus
901 2679 949 2743 dis
966 2678 1147 2764 deabusque
1162 2679 1250 2744 nullo
1265 2680 1394 2765 negotio

355 2799 498 2864 adtollere
519 2822 619 2886 posse.

398 2917 458 2983 Sed
486 2919 622 3003 jamjam
648 2911 765 2983 relictis
792 2918 958 3003 colloquiis
982 2918 1112 2982 deorum
1142 2918 1269 3002 proprie
1300 2917 1393 2983 dictis

352 3039 624 3123 transgrediamur
640 3040 680 3103 ad
696 3061 748 3104 eos
763 3039 897 3104 Luciani
913 3038 1036 3114 libellos
1052 3039 1107 3102 ubi
1124 3038 1175 3103 dei
1195 3041 1227 3103 et
1244 3038 1266 3102 J
1265 3038 1393 3122 uppiter

352 3157 510 3242 imprimis
541 3144 706 3243 tamquam
734 3158 865 3244 litigans
888 3159 996 3223 rhetor
1018 3159 1069 3224 vel
1092 3157 1268 3223 causidicus
1291 3158 1394 3222 certat

352 3299 425 3341 cum
448 3277 553 3342 nescio
577 3300 640 3362 quo
664 3279 702 3342 de
724 3279 845 3342 honore
868 3282 900 3342 et
921 3277 1079 3364 dignitate
1102 3299 1168 3341 sua.

396 3395 471 3461 Non
501 3396 610 3474 facile,
634 3397 743 3475 credo,
767 3397 935 3481 quisquam
959 3395 1120 3460 acerbiora
1143 3400 1175 3460 et
1194 3396 1392 3461 mordaciora
1498 3469 1500 3472 ¹

352 3516 448 3580 verba
472 3517 506 3579 in
522 3516 662 3580 medium
684 3516 824 3600 prolerre
843 3519 964 3598 potest,
988 3537 1084 3600 quam
1102 3514 1232 3579 Luciani
1248 3515 1391 3580 convicia

352 3639 384 3698 et
407 3635 574 3700 maledicta
597 3635 713 3721 quibus
735 3635 821 3699 rodit
842 3636 955 3699 Jovem
978 3635 1013 3698 in
1036 3635 1168 3719 prologo
1196 3636 1262 3700 eius
1289 3635 1388 3699 libelli

351 3754 403 3818 cori
436 3777 555 3820 nomen
589 3761 646 3832 Δὶς
680 3760 954 3842 κατηγορούμενος.
988 3752 1188 3838 Quamquam
1219 3754 1258 3818 ad
1292 3760 1388 3836 caput

297 3863 299 3870 Α
350 3876 503 3953 alterum,
542 3877 580 3940 de
614 3897 650 3940 eo
684 3875 791 3940 libello
825 3875 917 3958 plura
954 3876 1057 3940 dicere
1090 3876 1171 3949 mihi
1204 3877 1239 3939 in
1278 3876 1386 3942 animo

350 4092 555 4102 n—-——--—-

392 4231 415 4310 1)
437 4232 496 4291 oio.
522 4233 558 4290 de
580 4232 647 4290 Nat.
671 4232 747 4290 deor.
771 4232 800 4301 I,
826 4233 838 4306 t
861 4235 899 4290 46
925 4252 966 4310 sq.
