3372 5180
244 806 283 870 ad
321 828 394 870 eum
435 805 513 870 coeli
545 805 650 869 locum
688 805 794 890 pergit
830 803 877 868 ire
911 803 967 868 ubi
1001 803 1136 867 assidere
1171 803 1290 866 solebat

241 948 369 1009 precum
401 925 629 989 audiendarum
660 945 762 988 causa.
788 923 873 987 Dum
896 945 932 986 eo
959 921 1161 1007 progreditur
1186 921 1286 985 inter-

241 1048 334 1129 rogat
364 1043 552 1126 Menippum
583 1046 749 1126 tamquam
781 1041 939 1125 hospitem
963 1063 1017 1118 ea,
1041 1062 1122 1124 quae
1144 1063 1202 1104 nos
1225 1040 1285 1104 ho-

241 1163 343 1227 mines
366 1185 457 1247 saepe
480 1183 630 1246 quaerere
654 1163 788 1226 solemus
811 1183 850 1226 ex
872 1161 912 1225 iis
934 1181 1014 1245 quos
1039 1164 1111 1244 post
1135 1160 1286 1246 temporis

241 1282 369 1366 aliquod
410 1280 615 1345 intervallum
656 1279 845 1344 offendimus
852 1306 862 1355 3
908 1279 1091 1364 nescioquid
1124 1300 1284 1364 nugarum

241 1401 472 1466 confabulando
503 1399 627 1485 quaerit
661 1400 810 1484 Juppiter
833 1423 862 1464 v.
887 1421 912 1464 c.
938 1400 1053 1485 quanti
1076 1420 1161 1464 nuno
1185 1398 1285 1463 sitin

241 1520 373 1586 Graecia
406 1521 567 1600 triticum,
598 1543 640 1584 an
674 1543 758 1585 anno
793 1521 951 1604 superiore
985 1521 1154 1586 vehemens
1184 1519 1285 1584 hiems

242 1638 376 1704 Graecos
410 1639 649 1724 perstrinxerit,
685 1663 725 1705 an
760 1640 904 1724 pluribus
934 1640 1090 1704 imbribus
1120 1640 1204 1704 olera
1235 1639 1285 1702 in·

182 1773 184 1778 ·
240 1756 379 1840 digeant.
414 1756 534 1832 Quibus
564 1761 596 1821 et
618 1756 689 1820 aliis
711 1755 894 1820 huiusmodi
921 1754 1055 1839 peractis
1078 1754 1227 1839 Juppiter
1250 1756 1286 1817 ut

237 1874 303 1958 jam
334 1897 426 1959 saepe
457 1877 540 1961 apud
571 1875 748 1940 Lucianum
779 1897 852 1939 eum
887 1874 1055 1938 facientem
1086 1873 1282 1949 audivimus,

239 2017 271 2058 se
301 1995 390 2059 omni
419 1996 538 2060 honore
568 1999 600 2060 et
623 1997 711 2060 cultu
732 1997 797 2060 iere
827 2017 932 2060 carere
955 1994 1176 2078 conqueritur,
1199 1993 1284 2077 quod

239 2112 382 2178 homines
394 2136 459 2179 non
472 2115 609 2198 amplius
621 2115 695 2178 deos
707 2117 837 2192 curant,
856 2135 974 2198 suaque
990 2113 1103 2176 altaria
1118 2112 1284 2197 frigidiora

239 2254 303 2297 esse
333 2233 477 2298 Platonis
506 2233 630 2319 legibus
661 2237 717 2298 aut
740 2233 932 2318 syllogismis
955 2231 1135 2317 Chrysippi.
1159 2230 1282 2295 Miseri-

240 2353 377 2416 cordiam
391 2357 476 2417 certe
492 2358 608 2432 movet,
624 2353 767 2438 inquies,
784 2353 838 2417 ille
853 2355 929 2417 deus
942 2352 1032 2437 quasi
1044 2356 1282 2426 exauctoratus,

238 2493 312 2536 mex
326 2472 426 2536 risum
442 2473 590 2538 movebit.
608 2473 788 2538 Minaeibus
806 2473 891 2536 eninr
903 2476 935 2536 et
946 2471 1062 2536 furoris
1074 2471 1176 2556 plenis
1188 2491 1281 2535 voca-

238 2590 322 2674 bulis
331 2591 495 2655 invehitur
506 2590 541 2655 in
553 2591 757 2675 philosophos
769 2592 808 2654 ad
821 2591 905 2675 quod
913 2613 1023 2656 omnes
1035 2590 1085 2654 dei
1093 2592 1127 2654 in
1136 2590 1284 2654 contione

237 2712 400 2794 tamquam
420 2709 740 2774 seditiosamultitudo
753 2710 1178 2794 exclamanttKapadacocov,
1189 2715 1283 2772 κατά-

238 2831 363 2913 φλεξον,
389 2833 570 2917 ἐπίτριψον,
596 2836 626 2906 ἐς
650 2837 685 2896 τὸ
708 2835 871 2918 βάραθρον
896 2835 955 2895 etc.
980 2830 1004 2916 1)
1029 2829 1072 2893 Et
1096 2852 1135 2894 ex
1157 2829 1228 2893 aliis
1251 2833 1283 2893 11

236 2950 422 3034 praesertim
439 2973 477 3014 ex
489 2951 589 3027 vanis,
607 2950 719 3014 effectu
735 2951 824 3014 omni
840 2949 1020 3014 carentibus
1032 2948 1129 3013 minis
1141 2949 1284 3025 deorum,

238 3070 345 3153 quales
361 3070 489 3154 quidem
500 3069 660 3134 Lucienus
673 3092 725 3134 eos
737 3070 798 3133 sibi
814 3069 921 3153 fingit,
938 3069 1109 3132 infirmitas
1121 3069 1283 3151 animique

238 3189 386 3254 mollities
417 3188 552 3253 dilucide
582 3193 680 3273 patet.
712 3189 802 3264 Quod
825 3191 908 3253 idem
939 3187 1224 3252 animadvertimus
1247 3187 1282 3250 in

237 3308 316 3373 Jove
339 3308 501 3393 tragoedo·
514 3313 546 3373 et
565 3308 645 3374 Jove
661 3309 837 3372 confutato.
855 3307 942 3382 Quae
958 3308 1067 3372 omnia
1084 3311 1194 3372 auctor
1209 3328 1282 3391 pro-

236 3428 328 3490 ferre
341 3427 428 3492 nulle
451 3427 543 3491 modo
566 3427 721 3511 potuisset
743 3427 805 3491 nisi
828 3431 903 3491 ante
918 3427 1027 3491 omnia
1048 3427 1081 3490 id
1096 3425 1282 3511 praesertim

237 3567 422 3630 persuasum
445 3546 507 3609 sibi
529 3547 707 3610 habuisset:
733 3545 838 3611 Homo
850 3540 1002 3611 ubi'reete
1013 3551 1045 3610 et
1058 3545 1168 3618 ordine
1180 3545 1282 3609 utitur

237 3663 338 3728 animi
359 3663 485 3728 dotibus
501 3665 549 3730 dis
564 3666 706 3750 superior
721 3669 777 3732 est.
804 3665 894 3741 Quod
908 3688 1008 3751 quum
1023 3664 1169 3729 homines
1183 3665 1281 3747 probe

238 3781 380 3848 sentiant
411 3787 508 3868 atque
533 3783 743 3870 intelligant,
767 3784 920 3869 quidquid
944 3788 991 3848 est
1014 3784 1143 3848 deorum
1166 3783 1286 3847 tollunt

237 3924 255 3967 1
277 3903 398 3980 medio;
422 3903 511 3968 omni
534 3908 642 3987 autem
665 3905 795 3969 deorum
818 3903 868 3969 vel
891 3904 941 3968 dei
963 3904 1052 3968 cultu
1074 3904 1198 3969 sublato
1217 3925 1283 3968 uno

241 4127 447 4137 n—-n-——an

281 4279 402 4359 1)Ι1)ἰ11.
426 4281 493 4358 cap.
518 4283 572 4353 32,
600 4285 649 4344 33.
