3372 5180
786 557 828 627 29

286 802 348 866 quo
380 780 540 845 Lucianus
568 779 711 864 scripsit,
746 801 888 845 summus
920 780 1088 844 historicus
1115 780 1211 844 semel
1232 783 1327 866 atque

285 897 401 962 iterum
430 897 523 962 nobis
553 902 665 962 narrat
699 897 737 962 de
768 897 1001 962 mathematicis
1027 897 1164 982 expulsis
1187 920 1226 962 ex
1248 899 1327 963 urbe

286 1019 318 1080 et
340 1038 378 1081 ex
400 1016 504 1083 Italia.
529 1010 554 1101 ¹)

329 1133 390 1199 Sed
413 1133 490 1218 quid
519 1156 598 1219 opus
628 1138 677 1198 est
705 1133 896 1199 testimoniis
925 1133 1053 1198 aliunde
1082 1134 1200 1218 petitis.
1232 1132 1329 1216 Apud

286 1252 439 1318 Nostrum
469 1253 567 1319 etiam
597 1257 694 1338 atquc
723 1253 821 1318 etiam
849 1253 1018 1319 credulitas
1039 1252 1219 1338 aequalium
1241 1273 1329 1316 acer-

287 1371 367 1437 rime
388 1372 597 1457 impugnatur
620 1376 653 1436 et
676 1372 831 1456 arguitur.
855 1371 896 1436 In
918 1372 981 1437 alio
997 1372 1123 1456 dialogo
1146 1370 1197 1436 cui
1212 1391 1329 1435 nomen

287 1488 511 1576 Philcpseudes
540 1489 691 1574 decrepiti
721 1489 823 1575 aliqui
851 1511 940 1555 senes
971 1490 1219 1554 confabulantur
1245 1489 1330 1553 inter

287 1630 319 1672 se
341 1609 379 1672 de
411 1609 506 1674 rebus
528 1609 661 1694 magicis
683 1612 716 1673 et
748 1608 942 1692 portentosis
971 1631 1070 1693 eaque
1092 1630 1150 1694 pro
1178 1607 1271 1673 certis
1298 1612 1331 1673 et

287 1726 457 1811 exploratis
480 1726 665 1812 proferunt,
692 1748 774 1811 quac
796 1749 884 1793 nunc
907 1728 956 1792 vel
978 1749 1076 1811 puero
1099 1728 1206 1792 decem
1229 1749 1331 1792 annos

288 1849 363 1908 nato
390 1844 496 1909 risum
522 1848 695 1909 moverent.
724 1844 826 1930 Legat
860 1844 940 1910 mihi
979 1845 1067 1910 verbi
1097 1867 1191 1910 causa
1217 1845 1332 1929 aliquis

287 1959 442 2047 Arignoti
469 1962 687 2027 narrationem
718 1962 757 2026 de
789 1962 948 2028 Pancrate
978 1969 1035 2046 τὴν
1059 1966 1172 2046 σοφίαν
1196 1967 1248 2029 καὶ
1272 1970 1330 2045 τὴν

288 2079 435 2147 παιδείαν
474 2093 579 2147 πᾶσαν
619 2083 708 2156 εἰδὼς
744 2088 802 2164 τὴν
831 2085 1023 2164 Αἷγυπτίων
1054 2083 1079 2170 ²)
1109 2083 1211 2169 iisque
1239 2083 1331 2149 lectis

288 2199 478 2284 approbabit
519 2200 713 2284 Tychiadem
753 2199 1034 2286 indignabundum
1080 2201 1329 2267 exclamantem:

289 2319 333 2383 Οό
356 2324 512 2385 παύσεσθε
535 2324 575 2384 τὰ
597 2328 729 2386 τοιαῦτα
752 2320 1028 2405 τερατολογοῦντες
1040 2321 1182 2405 γέροντες
1197 2319 1308 2404 ἄνδρες
1319 2347 1330 2400 ‚·

289 2442 315 2502 εἰ
337 2438 371 2503 δὲ
393 2447 447 2522 μή,
472 2439 554 2505 ἀλλὰ
575 2445 634 2506 κᾶν
659 2449 726 2507 τῶν
741 2443 910 2527 μειρακίων
926 2447 1046 2508 τούτων
1068 2441 1216 2517 ἐ’νειιαεῖς
1231 2440 1330 2507 ἀλλον

287 2561 395 2644 καιρόν
427 2558 658 2647 ὑπερβάλλεσθε
681 2564 738 2636 τὰς
761 2562 958 2646 παραδόξους
981 2567 1098 2636 ταύτας
1122 2563 1176 2625 καὶ
1197 2563 1330 2647 φοβερὰς

290 2675 456 2759 διηγήσεις,
486 2687 593 2761 μήπως
628 2677 770 2746 λάθωσιν
802 2687 877 2763 η’μῖν
906 2680 1137 2764 ἐμπλησθέντες
1177 2679 1331 2763 δειμάτων

290 2798 342 2860 ταὶ
365 2795 555 2864 ’ἀλλοκότων
588 2799 871 2884 μυθολογημάτων.
903 2798 948 2864 Et
978 2798 1071 2863 facilc
1103 2797 1152 2862 illi
1176 2797 1332 2863 credimus

289 2917 484 3000 postpauca
506 2917 659 3000 asserenti
681 2940 714 2983 se
736 2940 775 2983 ex
803 2919 859 2982 illc
885 2938 1031 2983 consessu
1055 2916 1164 2982 venire
1185 2916 1286 3002 ὥσπερ
1303 2919 1333 2982 οἱ

274 3041 344 3106 ,τοῦ
375 3033 524 3113 γλεύκους
554 3045 679 3114 πιόντες
702 3037 959 3121 ἐμπεφυσημένου
982 3040 1041 3117 τὴν
1063 3036 1200 3121 γαστέρα
1223 3036 1333 3119 ε’μέτου

291 3152 447 3236 δεόμενον.
472 3155 604 3222 Scetcnt
636 3156 768 3221 Luciani
786 3225 791 3234 ‚
809 3156 928 3242 scripta
962 3154 1039 3220 locis
1075 3155 1332 3250 superstitionem

291 3273 471 3357 aequalium
487 3275 533 3340 ita
548 3276 664 3341 acriter
679 3275 904 3362 arguentibus,
928 3297 968 3339 ex
990 3274 1106 3359 quibus
1119 3295 1221 3338 unum
1236 3278 1333 3358 atque

291 3390 427 3458 alterurn
450 3394 534 3459 inira
556 3394 695 3461 delibare
717 3395 752 3459 in
779 3394 887 3460 animo
910 3396 960 3459 est
980 3392 1061 3458 mihi
1082 3414 1170 3458 nunc
1191 3391 1232 3457 ad
1254 3391 1334 3456 alios

289 3507 414 3574 libellos
435 3510 620 3576 transituro.

335 3625 459 3693 Extant
491 3628 576 3694 inter
609 3650 705 3714 opera
732 3627 868 3695 Luciani
898 3629 972 3694 duo*
990 3627 1091 3693 libelli
1118 3630 1188 3714 περὶ
1212 3631 1333 3694 θυσιῶν

294 3917 499 3931 *Δ

335 4114 358 4191 l)
379 4115 445 4175 Tac.
468 4115 545 4174 Hist.
568 4115 598 4186 1,
623 4117 672 4175 22.
696 4116 773 4176 Anu.
796 4114 843 4187 H,
868 4118 917 4174 32.
940 4113 1013 4187 XII,
1034 4118 1083 4174 52.
1103 4113 1179 4176 Hist.
1199 4118 1244 4188 II,
1262 4117 1310 4178 62.

335 4233 359 4313 ²)
377 4234 593 4313 Philopseudes‚
616 4235 684 4312 Gap.
709 4239 764 4306 84,
789 4255 849 4313 sqq.
