3408 5180
868 525 910 597 98

367 751 502 838 caligine
525 750 684 817 auditores
711 751 885 836 circumagi
918 750 1022 830 sinat,
1054 752 1194 818 Lucieno
1223 752 1335 820 obvius
1372 752 1412 818 fit

369 894 442 939 cum
465 871 547 936 libro
581 892 644 955 quo
668 870 850 936 continetur
884 871 1025 937 convivii
1047 873 1216 956 descriptio
1239 873 1279 936 ad
1308 894 1415 937 exem·

367 991 456 1075 plum
514 988 656 1054 Platonis
706 989 845 1054 convivii
898 991 1074 1075 composita
1124 992 1411 1076 (ἀντισυμποσιάζω

368 1116 411 1195 τῷ
435 1110 629 1195 Ἀρίστωνος
653 1114 686 1176 ἐν
703 1111 814 1195 αὐτῷ).
839 1108 877 1173 ld
900 1112 1006 1174 autem
1031 1111 1213 1176 convivium
1236 1117 1304 1176 tam
1321 1113 1413 1176 obso-

370 1228 442 1299 letis
466 1231 597 1312 tamque
619 1227 739 1292 inflatis
762 1227 867 1292 verbis
882 1230 1096 1313 conscriptum
1113 1234 1161 1295 est
1175 1235 1212 1295 ut
1227 1232 1414 1316 plerumque

370 1370 479 1412 sensus
502 1348 558 1432 qui
581 1347 686 1411 verbis
708 1346 811 1411 inesse
833 1347 927 1411 debet
949 1347 1044 1432 plane
1067 1349 1218 1414 obscurus
1240 1350 1345 1415 faetus
1360 1350 1412 1415 sit.

370 1467 456 1532 Audi
479 1466 572 1531 modo
595 1487 713 1550 pauca:
737 1487 795 1551 pro
814 1470 883 1530 «est
900 1466 1046 1531 meridies
1062 1465 1110 1552 (Ο.
1128 1469 1186 1554 4)»
1214 1468 1413 1553 Lexiphanes

373 1587 450 1652 dicit
472 1592 489 1652 o‘
511 1592 644 1672 γνώμων
668 1587 785 1662 σκιάζει
807 1587 905 1670 μέσην
929 1591 986 1668 τὴν
1011 1587 1125 1668 πόλον;
1149 1588 1296 1652 saltatrix
1318 1610 1415 1673 quam

371 1728 499 1786 omnes,
524 1707 653 1792 opinor,
677 1708 863 1793 ὀρχηστρίδα
887 1727 999 1771 vocare
1032 1684 1177 1773 solebant
1206 1707 1297 1792 apud
1324 1707 1416 1770 illum

372 1825 462 1891 audit
484 1826 666 1910 ποδοκτάπη
693 1825 741 1910 (in
765 1824 943 1896 Rhetorum
963 1828 1167 1910 praeceptore
1183 1824 1416 1890 adulescentulo

372 1946 611 2012 commendatur
630 1967 687 2030 pro
706 1947 866 2031 ὀρχηστὴς,
885 1945 1081 2032 χειρόσσφος).
1096 1944 1171 2009 Non
1183 1945 1261 2009 dicit
1279 1945 1414 2027 ἐξῆλθον

371 2064 426 2130 sed
460 2065 610 2151 ἐξέφρησα
635 2070 783 2148 ἐμαυτὸν,
809 2065 904 2130 calcei
928 2065 1004 2130 novi
1038 2064 1246 2149 designantur
1269 2065 1416 2129 nomine:

372 2185 513 2270 ἀφόρητα
528 2187 725 2268 ὑποδήματα.
744 2183 768 2271 1)
786 2183 873 2259 Quae
896 2187 927 2248 et
945 2183 1045 2248 multa
1061 2184 1123 2247 alia
1139 2183 1250 2267 inepta
1264 2184 1418 2252 voeabula

373 2326 445 2368 oum
459 2304 732 2388 apudLucianum
756 2305 897 2369 elocutus
920 2302 980 2381 sit,
1002 2302 1030 2367 is
1054 2303 1105 2368 cui
1127 2302 1209 2367 forte
1233 2303 1296 2367 alia
1316 2303 1417 2368 multa

370 2423 442 2507 jure
464 2424 600 2509 objicere
622 2425 740 2509 possis,
770 2446 889 2488 vanum
924 2427 956 2488 et
977 2423 1107 2487 inanem
1133 2423 1304 2488 verborum
1336 2427 1416 2488 stre-

372 2542 476 2627 pitum
490 2563 563 2608 vero
586 2565 769 2627 nunquam,
787 2543 945 2607 medicum
961 2542 1119 2626 quendam
1142 2541 1182 2605 ad
1202 2540 1416 2626 Lexiphanem

374 2663 519 2742 arcessit,
544 2663 600 2748 qui
622 2663 670 2727 illi
692 2664 855 2749 potionem
879 2666 1116 2748 temperetque
1132 2661 1416 2745 cogiturevomere

374 2802 484 2846 omnes
519 2781 590 2846 illas
624 2782 810 2868 quisquilias
833 2787 868 2847 τὸ
889 2776 976 2866 μῶν,4
995 2786 1029 2847 τὸ
1054 2778 1147 2865 κᾷτα,
1172 2785 1207 2846 τὸ
1230 2778 1249 2863 ἦ
1273 2781 1303 2848 d’
1319 2784 1360 2857 ’ὃς
1384 2785 1416 2846 et

373 2900 497 2984 reliqua·
521 2901 645 2977 omnia3
674 2923 736 2985 quo
763 2902 847 2967 facto
877 2900 1036 2966 Lucienus
1050 2903 1118 2986 jam
1134 2905 1270 2985 purgato
1297 2901 1417 2966 rhetori

371 3016 493 3083 indicat
512 3019 631 3104 justam
655 3023 688 3084 et
709 3024 828 3084 rectam
850 3020 939 3084 illam
960 3019 1118 3086 rationem
1145 3018 1297 3104 loquendi
1321 3042 1418 3104 quam

373 3137 401 3201 si
423 3145 604 3223 sequeretur
627 3160 692 3204 non
716 3162 735 3206 a
758 3143 904 3224 stupente
927 3140 1023 3224 vulgo
1053 3138 1163 3223 magni
1186 3137 1276 3203 fieret
1299 3139 1353 3204 sed
1376 3139 1417 3204 ab

374 3257 505 3322 eruditis
528 3258 721 3323 laudaretur.
1390 3259 1392 3263 ’

419 3377 497 3444 Post
519 3378 604 3444 huno
634 3381 810 3465 digressum
833 3401 895 3464 quo
926 3383 1041 3464 sponte
1063 3378 1176 3444 ductus
1199 3399 1285 3456 sum,
1309 3378 1417 3443 redibo

374 3499 414 3568 ad
437 3499 614 3564 Rhetorum
636 3505 889 3586 praeceptorem:
914 3499 1088 3584 Postquam
1111 3499 1341 3584 pulcherrimus
1363 3499 1418 3564 ille

375 3616 439 3681 dux
462 3617 695 3684 adulescentulo
729 3618 899 3696 indicavit,
931 3619 1047 3705 quibus
1082 3619 1243 3684 vocabulis
1278 3620 1320 3686 sit
1353 3620 1418 3684 dis-

376 3737 543 3802 serendum
575 3760 663 3806 nunc
697 3739 781 3802 idem
813 3738 977 3806 materiem
1010 3738 1060 3802 illi
1098 3742 1256 3823 suggeret.
1288 3737 1418 3824 Semper

422 4008 444 4085 ¹)
474 4010 515 4069 ef.
544 4010 718 4088 Lexiphanes
740 4013 772 4072 0.
797 4015 813 4070 2
835 4012 885 4070 ubi
908 4012 981 4069 inter
1003 4011 1110 4089 reliqua
1132 4000 1282 4070 occurrunt
1302 4011 1417 4070 haecce:

376 4112 572 4194 ναυστολεῖν,
603 4113 749 4195 ἐλινύειν,
786 4116 938 4200 ἀστράβη,
973 4109 1211 4198 ἀστραβηλάτης
1243 4110 1418 4198 ἐπισπέρχω

376 4225 536 4306 ἐγγυθήκη
559 4249 588 4288 κ.
612 4248 641 4296 τ.
666 4228 692 4290 ἑ.
716 4229 741 4288 Ο
763 4228 886 4292 saeclum
910 4227 1046 4305 insipiens
1067 4230 1096 4284 et
1117 4225 1277 4286 inficetnml
