3408 5180
887 559 927 622 70

371 781 492 867 *grinus
525 778 662 844 Athenis
692 799 758 843 esse
788 777 885 862 fingit
911 775 957 840 ita
980 775 1165 861 depingitur
1187 779 1223 841 ut
1246 778 1357 842 statim
1381 778 1432 844 vel

306 869 310 878 .
382 901 478 965 semel
507 898 650 964 libellum
677 896 816 982 legenti,
840 913 876 959 ea
899 895 1008 960 omnia
1030 916 1112 979 quae
1134 895 1175 958 ad
1197 894 1282 961 hanc
1306 901 1431 980 partem

382 1020 523 1084 attinent
552 1019 632 1083 falsa
662 1021 694 1082 et
723 1017 798 1082 ficta
826 1037 892 1081 esse
922 1015 1022 1081 videri
1041 1016 1185 1080 debeant.
1220 1016 1245 1100 1)
1270 1017 1316 1082 Ut
1338 1016 1374 1080 in
1396 1039 1431 1082 re

383 1139 523 1204 evidenti
545 1138 654 1223 paucis
669 1137 849 1216 absolvam,
865 1136 1018 1216 Romani,
1037 1135 1145 1220 inquit
1160 1135 1330 1222 Nigrinus,
1355 1142 1432 1203 sunt

385 1259 533 1348 κολακείᾳ
567 1262 607 1323 τὰ
638 1264 743 1324 πάντα
774 1259 826 1320 καὶ
859 1255 984 1338 δουλείᾳ
1016 1261 1193 1341 σύντροφοι,
1219 1255 1432 1322 Athenienses

384 1384 495 1445 eontra
519 1379 596 1443 adeo
619 1378 775 1462 simplices
789 1381 831 1442 'et
852 1377 990 1463 frugales
1010 1380 1086 1440 sunt
1108 1380 1145 1440 ut
1168 1377 1217 1440 vel
1232 1376 1430 1441 luxuriosum

384 1499 539 1562 advenam
578 1496 745 1581 paullatim
783 1495 1010 1560 transforment
1047 1499 1079 1559 et
1116 1516 1219 1559 mores
1242 1495 1430 1572 dedoceant;

386 1616 531 1701 equidem
542 1614 679 1680 libenter
694 1615 789 1679 fidem
804 1615 955 1680 haberem
970 1615 997 1678 si
1012 1636 1048 1678 ea
1065 1614 1244 1679 dicerentur
1256 1615 1294 1680 de
1306 1615 1431 1681 Solonis

385 1736 435 1800 vel
459 1733 618 1798 Pisistrati
642 1734 844 1819 aequalibus,
869 1738 902 1798 at
926 1735 964 1798 de
983 1733 1234 1799 Atheniensibus
1249 1740 1353 1801 aetate
1367 1736 1429 1800 im-

384 1853 560 1939 peratoria,
584 1854 701 1937 populo
725 1853 834 1918 foedae
858 1857 890 1917 et
916 1852 1117 1937 turpissimae
1136 1853 1312 1918 adulationi
1334 1877 1429 1940 supra

385 1997 480 2059 quam
505 1973 590 2037 credi
612 1977 717 2057 posset
732 1972 853 2056 dedito,
878 1995 914 2036 ea
929 1995 995 2037 non
1011 1973 1074 2038 nisi
1090 1978 1255 2059 εἰρωνικῶς
1270 1974 1430 2058 perhiberi

384 2115 474 2177 posse
497 2092 568 2177 quis
591 2096 655 2171 est,
676 2091 731 2176 qui
758 2114 824 2157 non
842 2091 951 2157 statim
978 2094 1094 2159 videat.
1112 2095 1136 2180 ⁹)
1164 2094 1298 2164 Parcam
1324 2095 1430 2160 uerbis

385 2236 484 2298 quum
507 2217 556 2277 tot
578 2216 610 2277 et
632 2216 699 2276 tam
715 2213 807 2277 claris
824 2213 1020 2298 argumentis
1042 2214 1118 2280 hinc
1144 2215 1234 2292 illinc
1257 2215 1365 2300 petitis
1383 2237 1433 2280 res

385 2334 513 2399 eluceat.
552 2330 632 2397 (lum
663 2335 770 2397 autem
792 2331 949 2417 Nigrinus
972 2355 1036 2398 uno
1060 2334 1230 2418 eodemque
1252 2333 1376 2399 tumido
1399 2338 1432 2399 et

385 2453 497 2516 inflato
513 2459 622 2516 tenore
646 2454 809 2535 corruptos
825 2450 1044 2517 Romanorum
1062 2474 1164 2517 mores
1179 2453 1430 2536 perstrinxisset,

385 2571 545 2637 Lucienus
568 2570 658 2655 quasi
680 2569 786 2634 furore
808 2570 947 2654 quodam
969 2571 1119 2655 abreptus
1135 2571 1326 2640 incenditur.
1343 2571 1445 2647 Quae

384 2691 469 2755 illius
499 2688 546 2753 rei
574 2710 668 2754 causa
697 2687 739 2752 sit
770 2689 902 2754 candide
930 2689 1033 2753 fateor
1060 2711 1110 2753 me
1140 2711 1206 2754 non
1234 2690 1429 2777 intelligere,

385 2814 418 2874 et
448 2807 606 2893 quomodo
636 2807 669 2872 id
693 2808 803 2872 cadere
825 2808 925 2892 possit
947 2807 982 2872 in
1005 2807 1096 2871 illum
1120 2828 1214 2891 quem
1238 2829 1329 2891 saepe
1351 2809 1430 2873 alias

385 2931 451 2994 risu
467 2928 641 3014 σαρόοκικῷ
657 2926 837 3011 aequalium
849 2925 1039 3011 pravitatem
1051 2926 1270 3010 increpantem
1282 2925 1428 3005 vidimus,

386 3050 440 3116 vix
462 3048 563 3134 capio.
580 3046 641 3127 At,
659 3047 801 3132 inquies,
819 3047 856 3112 de
872 3069 946 3112 vera
961 3045 1164 3132 philosophia
1184 3045 1341 3131 Nigrinus
1357 3068 1429 3111 cum

385 3170 441 3234 illo
484 3169 656 3235 collocutus
698 3171 755 3233 est.
798 3167 916 3232 Mirum
959 3170 1069 3231 tamen
1110 3166 1235 3231 videtur
1273 3167 1430 3252 quomodo

386 3291 496 3355 saltem
527 3310 593 3353 non
625 3310 689 3352 uno
716 3287 784 3352 loco
811 3285 993 3371 principum
1027 3286 1287 3371 philosophorum
1313 3287 1430 3372 placita

387 3413 443 3472 aut
467 3407 551 3471 nude
574 3427 748 3491 exponere,
765 3405 870 3470 autin
886 3404 1054 3469 ridiculum
1071 3409 1253 3470 conuertere
1279 3406 1428 3491 potuerit,

386 3531 418 3591 et
441 3526 468 3590 si
483 3525 563 3590 illud
582 3525 679 3590 etiam
702 3524 904 3589 concederem
927 3546 1006 3588 num
1030 3528 1139 3588 tamen
1162 3523 1231 3588 ideo
1255 3524 1428 3610 Nigrinum

385 3645 463 3709 trita
486 3643 542 3707 illa
566 3648 598 3708 et
613 3643 753 3708 obsoleta
770 3643 808 3706 de
825 3641 983 3726 pravitate
999 3663 1124 3706 morum
1141 3642 1344 3708 disserentem
1360 3623 1427 3707 tam

428 3840 456 3917 1)
480 3840 618 3917 Nigrinus
641 3838 671 3897 Ο.
698 3841 750 3910 13,
778 3841 825 3898 14.

431 3945 454 4019 ²)
487 3943 662 4002 Testimonia
695 3941 866 4000 adulationis
896 3948 923 4000 et
955 3943 1149 4020 corruptionis¹
1174 3961 1284 4000 morum
1307 3963 1427 4020 praeser-

386 4050 437 4107 tim
469 4046 699 4116 Atheniensium,
734 4051 761 4103 et
793 4045 899 4123 ubique
929 4045 1062 4121 leguntur
1085 4051 1112 4103 et
1134 4045 1209 4121 apud
1231 4046 1426 4116 Haurzaauo,

385 4151 440 4208 Die
472 4149 637 4209 Gesohichte
670 4148 891 4206 Griecheulands
926 4148 971 4218 II,
1013 4148 1116 4224 passim
1147 4154 1296 4207 occurrunt
1327 4149 1360 4206 ol.
1399 4169 1426 4226 p.

388 4258 447 4333 250
471 4272 530 4331 sqq.
