<?xml version="1.0" encoding="UTF-8"?>
<!DOCTYPE html PUBLIC "-//W3C//DTD XHTML 1.0 Transitional//EN"
    "http://www.w3.org/TR/xhtml1/DTD/xhtml1-transitional.dtd">
<html xmlns="http://www.w3.org/1999/xhtml" xml:lang="en" lang="en">
 <head>
  <title>
</title>
<meta http-equiv="Content-Type" content="text/html;charset=utf-8" />
  <meta name='ocr-system' content='tesseract 3.04.00' />
  <meta name='ocr-capabilities' content='ocr_page ocr_carea ocr_par ocr_line ocrx_word'/>
</head>
<body>
  <div class='ocr_page' id='page_1' title='image "./delucianoaequal00marggoog/delucianoaequal00marggoog_0053.png"; bbox 0 0 3372 5180; ppageno 0'>
   <div class='ocr_carea' id='block_1_1' title="bbox 887 576 928 654">
    <p class='ocr_par' dir='ltr' id='par_1_1' title="bbox 887 576 928 654">
     <span class='ocr_line' id='line_1_1' title="bbox 887 576 928 654; baseline 0 0"><span class='ocrx_word' id='word_1_1' title='bbox 887 576 928 654; x_wconf 80' lang='grc'><strong>36</strong></span> 
     </span>
    </p>
   </div>
   <div class='ocr_carea' id='block_1_2' title="bbox 384 804 1425 894">
    <p class='ocr_par' dir='ltr' id='par_1_2' title="bbox 384 804 1425 894">
     <span class='ocr_line' id='line_1_2' title="bbox 384 804 1425 894; baseline -0.012 -16"><span class='ocrx_word' id='word_1_2' title='bbox 384 807 470 878; x_wconf 91' lang='lat' dir='ltr'><strong>bona</strong></span> <span class='ocrx_word' id='word_1_3' title='bbox 493 807 601 877; x_wconf 89' lang='lat' dir='ltr'><strong>omnia</strong></span> <span class='ocrx_word' id='word_1_4' title='bbox 614 810 732 894; x_wconf 89' lang='lat' dir='ltr'><strong>pariter</strong></span> <span class='ocrx_word' id='word_1_5' title='bbox 746 811 958 874; x_wconf 91' lang='lat' dir='ltr'><strong>contemnunt</strong></span> <span class='ocrx_word' id='word_1_6' title='bbox 973 811 1006 871; x_wconf 90' lang='lat' dir='ltr'><strong>et</strong></span> <span class='ocrx_word' id='word_1_7' title='bbox 1020 806 1202 871; x_wconf 90' lang='lat' dir='ltr'><strong>communia</strong></span> <span class='ocrx_word' id='word_1_8' title='bbox 1219 804 1425 868; x_wconf 73' lang='lat' dir='ltr'><strong>arbitrantur.</strong></span> 
     </span>
    </p>
   </div>
   <div class='ocr_carea' id='block_1_3' title="bbox 334 924 1434 3635">
    <p class='ocr_par' dir='ltr' id='par_1_3' title="bbox 383 924 1432 2317">
     <span class='ocr_line' id='line_1_3' title="bbox 385 924 1428 1011; baseline -0.011 -13"><span class='ocrx_word' id='word_1_9' title='bbox 385 933 474 998; x_wconf 90' lang='lat' dir='ltr'><strong>Haeo</strong></span> <span class='ocrx_word' id='word_1_10' title='bbox 488 933 553 996; x_wconf 87' lang='lat' dir='ltr'><strong>fere</strong></span> <span class='ocrx_word' id='word_1_11' title='bbox 568 930 690 995; x_wconf 91' lang='lat' dir='ltr'><strong>suntin</strong></span> <span class='ocrx_word' id='word_1_12' title='bbox 703 926 810 993; x_wconf 91' lang='lat' dir='ltr'><strong>libello</strong></span> <span class='ocrx_word' id='word_1_13' title='bbox 822 949 916 1011; x_wconf 88' lang='lat' dir='ltr'><strong>supra</strong></span> <span class='ocrx_word' id='word_1_14' title='bbox 928 927 1073 1004; x_wconf 81' lang='lat' dir='ltr'><strong>laudato,</strong></span> <span class='ocrx_word' id='word_1_15' title='bbox 1090 928 1158 1008; x_wconf 75' lang='grc' dir='ltr'><strong><em>περὶ</em></strong></span> <span class='ocrx_word' id='word_1_16' title='bbox 1172 932 1225 1007; x_wconf 79' lang='grc' dir='ltr'><strong>τῆς</strong></span> <span class='ocrx_word' id='word_1_17' title='bbox 1237 924 1428 1009; x_wconf 68' lang='grc' dir='ltr'><strong><em>Περεγρίνου</em></strong></span> 
     </span>
     <span class='ocr_line' id='line_1_4' title="bbox 383 1045 1429 1138; baseline -0.01 -20"><span class='ocrx_word' id='word_1_18' title='bbox 383 1055 528 1136; x_wconf 49' lang='grc' dir='ltr'><strong>γτελευτῆς</strong></span> <span class='ocrx_word' id='word_1_19' title='bbox 552 1074 633 1138; x_wconf 87' lang='lat' dir='ltr'><strong>quae</strong></span> <span class='ocrx_word' id='word_1_20' title='bbox 655 1055 764 1115; x_wconf 86' lang='lat' dir='ltr'><strong>auctor</strong></span> <span class='ocrx_word' id='word_1_21' title='bbox 786 1051 824 1113; x_wconf 90' lang='lat' dir='ltr'><strong>de</strong></span> <span class='ocrx_word' id='word_1_22' title='bbox 846 1048 1037 1115; x_wconf 79' lang='lat' dir='ltr'><strong>Christianis</strong></span> <span class='ocrx_word' id='word_1_23' title='bbox 1060 1047 1197 1131; x_wconf 82' lang='lat' dir='ltr'><strong>profert,</strong></span> <span class='ocrx_word' id='word_1_24' title='bbox 1221 1069 1299 1131; x_wconf 90' lang='lat' dir='ltr'><strong>quos</strong></span> <span class='ocrx_word' id='word_1_25' title='bbox 1323 1049 1355 1109; x_wconf 89' lang='lat' dir='ltr'><strong>et</strong></span> <span class='ocrx_word' id='word_1_26' title='bbox 1376 1045 1429 1108; x_wconf 92' lang='lat' dir='ltr'><strong>hic</strong></span> 
     </span>
     <span class='ocr_line' id='line_1_5' title="bbox 387 1163 1429 1252; baseline -0.011 -16"><span class='ocrx_word' id='word_1_27' title='bbox 387 1175 418 1236; x_wconf 88' lang='lat' dir='ltr'><strong>et</strong></span> <span class='ocrx_word' id='word_1_28' title='bbox 442 1173 519 1236; x_wconf 92' lang='lat' dir='ltr'><strong>alibi</strong></span> <span class='ocrx_word' id='word_1_29' title='bbox 541 1193 607 1235; x_wconf 92' lang='lat' dir='ltr'><strong>non</strong></span> <span class='ocrx_word' id='word_1_30' title='bbox 629 1171 691 1235; x_wconf 91' lang='lat' dir='ltr'><strong>nisi</strong></span> <span class='ocrx_word' id='word_1_31' title='bbox 714 1170 816 1234; x_wconf 88' lang='lat' dir='ltr'><strong>obiter</strong></span> <span class='ocrx_word' id='word_1_32' title='bbox 838 1167 960 1252; x_wconf 79' lang='lat' dir='ltr'><strong>tangit,</strong></span> <span class='ocrx_word' id='word_1_33' title='bbox 984 1189 1061 1230; x_wconf 88' lang='lat' dir='ltr'><strong>nam</strong></span> <span class='ocrx_word' id='word_1_34' title='bbox 1084 1167 1148 1229; x_wconf 87' lang='lat' dir='ltr'><strong>non</strong></span> <span class='ocrx_word' id='word_1_35' title='bbox 1172 1168 1210 1228; x_wconf 91' lang='grc'><strong>111</strong></span> <span class='ocrx_word' id='word_1_36' title='bbox 1233 1163 1429 1232; x_wconf 70' lang='lat' dir='ltr'><strong>Christianos</strong></span> 
     </span>
     <span class='ocr_line' id='line_1_6' title="bbox 386 1283 1429 1368; baseline -0.01 -13"><span class='ocrx_word' id='word_1_37' title='bbox 386 1291 511 1354; x_wconf 89' lang='lat' dir='ltr'><strong>roderet</strong></span> <span class='ocrx_word' id='word_1_38' title='bbox 532 1294 564 1354; x_wconf 92' lang='lat' dir='ltr'><strong>et</strong></span> <span class='ocrx_word' id='word_1_39' title='bbox 586 1290 742 1353; x_wconf 84' lang='lat' dir='ltr'><strong>derideret</strong></span> <span class='ocrx_word' id='word_1_40' title='bbox 763 1287 922 1351; x_wconf 83' lang='lat' dir='ltr'><strong>Lucienus</strong></span> <span class='ocrx_word' id='word_1_41' title='bbox 945 1285 1131 1368; x_wconf 83' lang='lat' dir='ltr'><strong>conscripsit</strong></span> <span class='ocrx_word' id='word_1_42' title='bbox 1150 1284 1370 1347; x_wconf 78' lang='lat' dir='ltr'><strong>narrationem</strong></span> <span class='ocrx_word' id='word_1_43' title='bbox 1390 1283 1429 1345; x_wconf 91' lang='lat' dir='ltr'><strong>de</strong></span> 
     </span>
     <span class='ocr_line' id='line_1_7' title="bbox 386 1403 1429 1492; baseline -0.008 -19"><span class='ocrx_word' id='word_1_44' title='bbox 386 1414 488 1473; x_wconf 87' lang='lat' dir='ltr'><strong>morte</strong></span> <span class='ocrx_word' id='word_1_45' title='bbox 518 1408 699 1492; x_wconf 83' lang='lat' dir='ltr'><strong>Peregrini,</strong></span> <span class='ocrx_word' id='word_1_46' title='bbox 731 1406 816 1490; x_wconf 91' lang='lat' dir='ltr'><strong>quod</strong></span> <span class='ocrx_word' id='word_1_47' title='bbox 847 1427 959 1490; x_wconf 90' lang='lat' dir='ltr'><strong>parum</strong></span> <span class='ocrx_word' id='word_1_48' title='bbox 982 1403 1231 1488; x_wconf 80' lang='lat' dir='ltr'><strong>intelligentium</strong></span> <span class='ocrx_word' id='word_1_49' title='bbox 1256 1403 1429 1466; x_wconf 91' lang='lat' dir='ltr'><strong>multorum</strong></span> 
     </span>
     <span class='ocr_line' id='line_1_8' title="bbox 386 1515 1428 1612; baseline -0.009 -18"><span class='ocrx_word' id='word_1_50' title='bbox 386 1529 449 1594; x_wconf 89' lang='lat' dir='ltr'><strong>fuit</strong></span> <span class='ocrx_word' id='word_1_51' title='bbox 471 1528 589 1612; x_wconf 82' lang='lat' dir='ltr'><strong>opinio,</strong></span> <span class='ocrx_word' id='word_1_52' title='bbox 613 1550 680 1592; x_wconf 91' lang='lat' dir='ltr'><strong>non</strong></span> <span class='ocrx_word' id='word_1_53' title='bbox 702 1527 750 1590; x_wconf 94' lang='lat' dir='ltr'><strong>illi</strong></span> <span class='ocrx_word' id='word_1_54' title='bbox 773 1527 857 1589; x_wconf 87' lang='lat' dir='ltr'><strong>tanti</strong></span> <span class='ocrx_word' id='word_1_55' title='bbox 881 1528 949 1589; x_wconf 89' lang='lat' dir='ltr'><strong>erat</strong></span> <span class='ocrx_word' id='word_1_56' title='bbox 971 1515 1156 1609; x_wconf 89' lang='lat' dir='ltr'><strong>praesertim</strong></span> <span class='ocrx_word' id='word_1_57' title='bbox 1180 1523 1215 1586; x_wconf 89' lang='lat' dir='ltr'><strong>iu</strong></span> <span class='ocrx_word' id='word_1_58' title='bbox 1230 1523 1285 1586; x_wconf 92' lang='lat' dir='ltr'><strong>illa</strong></span> <span class='ocrx_word' id='word_1_59' title='bbox 1300 1522 1428 1586; x_wconf 90' lang='lat' dir='ltr'><strong>infinita</strong></span> 
     </span>
     <span class='ocr_line' id='line_1_9' title="bbox 388 1640 1429 1730; baseline -0.007 -18"><span class='ocrx_word' id='word_1_60' title='bbox 388 1649 592 1713; x_wconf 88' lang='lat' dir='ltr'><strong>multitudine</strong></span> <span class='ocrx_word' id='word_1_61' title='bbox 604 1649 734 1725; x_wconf 88' lang='lat' dir='ltr'><strong>rituum,</strong></span> <span class='ocrx_word' id='word_1_62' title='bbox 755 1647 879 1730; x_wconf 90' lang='lat' dir='ltr'><strong>qualem</strong></span> <span class='ocrx_word' id='word_1_63' title='bbox 897 1645 963 1708; x_wconf 90' lang='lat' dir='ltr'><strong>eius</strong></span> <span class='ocrx_word' id='word_1_64' title='bbox 979 1647 1083 1708; x_wconf 91' lang='lat' dir='ltr'><strong>aetate</strong></span> <span class='ocrx_word' id='word_1_65' title='bbox 1099 1642 1305 1720; x_wconf 86' lang='lat' dir='ltr'><strong>offendimus,</strong></span> <span class='ocrx_word' id='word_1_66' title='bbox 1321 1640 1429 1707; x_wconf 80' lang='lat' dir='ltr'><strong>Chris·</strong></span> 
     </span>
     <span class='ocr_line' id='line_1_10' title="bbox 387 1760 1431 1851; baseline -0.007 -22"><span class='ocrx_word' id='word_1_67' title='bbox 387 1767 477 1830; x_wconf 89' lang='lat' dir='ltr'><strong>tiana</strong></span> <span class='ocrx_word' id='word_1_68' title='bbox 499 1766 613 1850; x_wconf 88' lang='lat' dir='ltr'><strong>religio</strong></span> <span class='ocrx_word' id='word_1_69' title='bbox 636 1764 671 1851; x_wconf 84' lang='lat'><strong>¹),</strong></span> <span class='ocrx_word' id='word_1_70' title='bbox 695 1765 812 1849; x_wconf 88' lang='lat' dir='ltr'><strong>scripta</strong></span> <span class='ocrx_word' id='word_1_71' title='bbox 836 1767 883 1828; x_wconf 91' lang='lat' dir='ltr'><strong>est</strong></span> <span class='ocrx_word' id='word_1_72' title='bbox 902 1768 1009 1826; x_wconf 91' lang='lat' dir='ltr'><strong>autem</strong></span> <span class='ocrx_word' id='word_1_73' title='bbox 1025 1767 1135 1827; x_wconf 91' lang='lat' dir='ltr'><strong>contra</strong></span> <span class='ocrx_word' id='word_1_74' title='bbox 1152 1760 1304 1846; x_wconf 66' lang='lat' dir='ltr'><strong>Cynum,</strong></span> <span class='ocrx_word' id='word_1_75' title='bbox 1327 1763 1360 1824; x_wconf 88' lang='lat' dir='ltr'><strong>et</strong></span> <span class='ocrx_word' id='word_1_76' title='bbox 1373 1761 1431 1823; x_wconf 92' lang='lat' dir='ltr'><strong>ubi</strong></span> 
     </span>
     <span class='ocr_line' id='line_1_11' title="bbox 389 1879 1430 1968; baseline -0.001 -22"><span class='ocrx_word' id='word_1_77' title='bbox 389 1884 427 1948; x_wconf 85' lang='lat' dir='ltr'><strong>de</strong></span> <span class='ocrx_word' id='word_1_78' title='bbox 450 1883 645 1968; x_wconf 85' lang='lat' dir='ltr'><strong>philosophis</strong></span> <span class='ocrx_word' id='word_1_79' title='bbox 668 1905 840 1968; x_wconf 91' lang='lat' dir='ltr'><strong>eorumque</strong></span> <span class='ocrx_word' id='word_1_80' title='bbox 860 1883 966 1959; x_wconf 85' lang='lat' dir='ltr'><strong>sectis,</strong></span> <span class='ocrx_word' id='word_1_81' title='bbox 983 1881 1118 1946; x_wconf 77' lang='grc'><strong>1111111111</strong></span> <span class='ocrx_word' id='word_1_82' title='bbox 1133 1881 1317 1965; x_wconf 87' lang='lat' dir='ltr'><strong>aequalibus</strong></span> <span class='ocrx_word' id='word_1_83' title='bbox 1333 1879 1430 1945; x_wconf 87' lang='lat' dir='ltr'><strong>disse-</strong></span> 
     </span>
     <span class='ocr_line' id='line_1_12' title="bbox 388 1999 1428 2085; baseline -0.005 -19"><span class='ocrx_word' id='word_1_84' title='bbox 388 2015 512 2080; x_wconf 85' lang='lat' dir='ltr'><strong>remus,</strong></span> <span class='ocrx_word' id='word_1_85' title='bbox 543 2003 603 2066; x_wconf 90' lang='lat' dir='ltr'><strong>erit</strong></span> <span class='ocrx_word' id='word_1_86' title='bbox 634 2004 731 2066; x_wconf 85' lang='lat' dir='ltr'><strong>etiam</strong></span> <span class='ocrx_word' id='word_1_87' title='bbox 754 2002 792 2064; x_wconf 90' lang='lat' dir='ltr'><strong>de</strong></span> <span class='ocrx_word' id='word_1_88' title='bbox 814 2001 874 2065; x_wconf 93' lang='lat' dir='ltr'><strong>hoc</strong></span> <span class='ocrx_word' id='word_1_89' title='bbox 895 2000 1004 2064; x_wconf 91' lang='lat' dir='ltr'><strong>libello</strong></span> <span class='ocrx_word' id='word_1_90' title='bbox 1027 2001 1163 2085; x_wconf 89' lang='lat' dir='ltr'><strong>amplius</strong></span> <span class='ocrx_word' id='word_1_91' title='bbox 1187 1999 1311 2064; x_wconf 88' lang='lat' dir='ltr'><strong>dicendi</strong></span> <span class='ocrx_word' id='word_1_92' title='bbox 1332 1999 1428 2063; x_wconf 85' lang='lat' dir='ltr'><strong>locus.</strong></span> 
     </span>
     <span class='ocr_line' id='line_1_13' title="bbox 388 2119 1432 2204; baseline -0.003 -19"><span class='ocrx_word' id='word_1_93' title='bbox 388 2120 484 2185; x_wconf 89' lang='lat' dir='ltr'><strong>Nunc</strong></span> <span class='ocrx_word' id='word_1_94' title='bbox 514 2121 676 2185; x_wconf 85' lang='lat' dir='ltr'><strong>videamus</strong></span> <span class='ocrx_word' id='word_1_95' title='bbox 702 2119 840 2204; x_wconf 87' lang='lat' dir='ltr'><strong>reliquos</strong></span> <span class='ocrx_word' id='word_1_96' title='bbox 863 2120 898 2183; x_wconf 92' lang='grc'><strong>111</strong></span> <span class='ocrx_word' id='word_1_97' title='bbox 921 2119 988 2184; x_wconf 88' lang='lat' dir='ltr'><strong>eius</strong></span> <span class='ocrx_word' id='word_1_98' title='bbox 1012 2121 1158 2203; x_wconf 88' lang='lat' dir='ltr'><strong>operibus</strong></span> <span class='ocrx_word' id='word_1_99' title='bbox 1182 2123 1325 2184; x_wconf 86' lang='lat' dir='ltr'><strong>extantes</strong></span> <span class='ocrx_word' id='word_1_100' title='bbox 1346 2119 1432 2183; x_wconf 90' lang='lat' dir='ltr'><strong>locos</strong></span> 
     </span>
     <span class='ocr_line' id='line_1_14' title="bbox 388 2237 1431 2317; baseline -0.002 -14"><span class='ocrx_word' id='word_1_101' title='bbox 388 2239 445 2304; x_wconf 90' lang='lat' dir='ltr'><strong>ubi</strong></span> <span class='ocrx_word' id='word_1_102' title='bbox 468 2237 642 2304; x_wconf 85' lang='lat' dir='ltr'><strong>Christiani</strong></span> <span class='ocrx_word' id='word_1_103' title='bbox 665 2244 720 2304; x_wconf 92' lang='lat' dir='ltr'><strong>aut</strong></span> <span class='ocrx_word' id='word_1_104' title='bbox 735 2238 926 2303; x_wconf 85' lang='lat' dir='ltr'><strong>nominatim</strong></span> <span class='ocrx_word' id='word_1_105' title='bbox 942 2244 1129 2317; x_wconf 84' lang='lat' dir='ltr'><strong>occurrunt,</strong></span> <span class='ocrx_word' id='word_1_106' title='bbox 1145 2243 1201 2303; x_wconf 92' lang='lat' dir='ltr'><strong>aut</strong></span> <span class='ocrx_word' id='word_1_107' title='bbox 1218 2238 1431 2302; x_wconf 86' lang='lat' dir='ltr'><strong>adumbratim</strong></span> 
     </span>
    </p>

    <p class='ocr_par' dir='ltr' id='par_1_4' title="bbox 334 2358 1434 3635">
     <span class='ocr_line' id='line_1_15' title="bbox 388 2358 1432 2444; baseline 0 -22"><span class='ocrx_word' id='word_1_108' title='bbox 388 2359 607 2444; x_wconf 84' lang='lat' dir='ltr'><strong>designantur.</strong></span> <span class='ocrx_word' id='word_1_109' title='bbox 646 2359 767 2423; x_wconf 86' lang='lat' dir='ltr'><strong>Iterum</strong></span> <span class='ocrx_word' id='word_1_110' title='bbox 805 2358 886 2422; x_wconf 92' lang='lat' dir='ltr'><strong>mihi</strong></span> <span class='ocrx_word' id='word_1_111' title='bbox 924 2359 1084 2423; x_wconf 88' lang='lat' dir='ltr'><strong>vocandus</strong></span> <span class='ocrx_word' id='word_1_112' title='bbox 1119 2363 1166 2423; x_wconf 87' lang='lat' dir='ltr'><strong>est</strong></span> <span class='ocrx_word' id='word_1_113' title='bbox 1200 2359 1240 2422; x_wconf 93' lang='lat' dir='ltr'><strong>ad</strong></span> <span class='ocrx_word' id='word_1_114' title='bbox 1273 2363 1378 2442; x_wconf 87' lang='lat' dir='ltr'><strong>partes</strong></span> <span class='ocrx_word' id='word_1_115' title='bbox 1414 2361 1432 2422; x_wconf 84' lang='lat' dir='ltr'><strong>o‘</strong></span> 
     </span>
     <span class='ocr_line' id='line_1_16' title="bbox 334 2457 1431 2562; baseline -0.003 -19"><span class='ocrx_word' id='word_1_116' title='bbox 334 2457 337 2462; x_wconf 25' lang='lat'>⁸</span> <span class='ocrx_word' id='word_1_117' title='bbox 389 2479 613 2562; x_wconf 77' lang='grc' dir='ltr'><strong><em>ψευδόμαντις,</em></strong></span> <span class='ocrx_word' id='word_1_118' title='bbox 636 2478 815 2562; x_wconf 89' lang='lat' dir='ltr'><strong>impudicus</strong></span> <span class='ocrx_word' id='word_1_119' title='bbox 837 2477 891 2540; x_wconf 91' lang='lat' dir='ltr'><strong>ille</strong></span> <span class='ocrx_word' id='word_1_120' title='bbox 914 2476 1093 2541; x_wconf 84' lang='lat' dir='ltr'><strong>Alexander</strong></span> <span class='ocrx_word' id='word_1_121' title='bbox 1115 2478 1153 2541; x_wconf 90' lang='lat' dir='ltr'><strong>de</strong></span> <span class='ocrx_word' id='word_1_122' title='bbox 1176 2499 1238 2560; x_wconf 91' lang='lat' dir='ltr'><strong>quo</strong></span> <span class='ocrx_word' id='word_1_123' title='bbox 1251 2478 1320 2560; x_wconf 88' lang='lat' dir='ltr'><strong>jam</strong></span> <span class='ocrx_word' id='word_1_124' title='bbox 1336 2499 1431 2562; x_wconf 91' lang='lat' dir='ltr'><strong>supra</strong></span> 
     </span>
     <span class='ocr_line' id='line_1_17' title="bbox 389 2594 1432 2662; baseline -0.002 0"><span class='ocrx_word' id='word_1_125' title='bbox 389 2598 585 2662; x_wconf 86' lang='lat' dir='ltr'><strong>mentionem</strong></span> <span class='ocrx_word' id='word_1_126' title='bbox 615 2597 754 2661; x_wconf 85' lang='lat' dir='ltr'><strong>fecimus.</strong></span> <span class='ocrx_word' id='word_1_127' title='bbox 788 2597 859 2660; x_wconf 93' lang='lat' dir='ltr'><strong>Duo</strong></span> <span class='ocrx_word' id='word_1_128' title='bbox 890 2595 925 2659; x_wconf 91' lang='lat' dir='ltr'><strong>in</strong></span> <span class='ocrx_word' id='word_1_129' title='bbox 955 2594 1136 2661; x_wconf 86' lang='lat' dir='ltr'><strong>Alexandro</strong></span> <span class='ocrx_word' id='word_1_130' title='bbox 1158 2597 1220 2661; x_wconf 90' lang='lat' dir='ltr'><strong>loci</strong></span> <span class='ocrx_word' id='word_1_131' title='bbox 1242 2601 1353 2661; x_wconf 86' lang='lat' dir='ltr'><strong>extant</strong></span> <span class='ocrx_word' id='word_1_132' title='bbox 1375 2597 1432 2660; x_wconf 93' lang='lat' dir='ltr'><strong>ubi</strong></span> 
     </span>
     <span class='ocr_line' id='line_1_18' title="bbox 389 2715 1431 2802; baseline -0.001 -20"><span class='ocrx_word' id='word_1_133' title='bbox 389 2739 507 2782; x_wconf 91' lang='lat' dir='ltr'><strong>nomen</strong></span> <span class='ocrx_word' id='word_1_134' title='bbox 531 2715 783 2780; x_wconf 76' lang='lat' dir='ltr'><strong>Christianorum</strong></span> <span class='ocrx_word' id='word_1_135' title='bbox 807 2715 943 2779; x_wconf 91' lang='lat' dir='ltr'><strong>occurrit</strong></span> <span class='ocrx_word' id='word_1_136' title='bbox 965 2716 989 2801; x_wconf 79' lang='grc'><strong>2)</strong></span> <span class='ocrx_word' id='word_1_137' title='bbox 1012 2715 1107 2800; x_wconf 90' lang='lat' dir='ltr'><strong>idque</strong></span> <span class='ocrx_word' id='word_1_138' title='bbox 1125 2717 1235 2781; x_wconf 89' lang='lat' dir='ltr'><strong>statim</strong></span> <span class='ocrx_word' id='word_1_139' title='bbox 1255 2718 1431 2802; x_wconf 88' lang='lat' dir='ltr'><strong>subjeetum</strong></span> 
     </span>
     <span class='ocr_line' id='line_1_19' title="bbox 391 2835 1431 2922; baseline 0 -22"><span class='ocrx_word' id='word_1_140' title='bbox 391 2843 456 2910; x_wconf 81' lang='grc' dir='ltr'><em>τοῖς</em></span> <span class='ocrx_word' id='word_1_141' title='bbox 479 2835 605 2912; x_wconf 73' lang='grc' dir='ltr'><em>ἀθέοις,</em></span> <span class='ocrx_word' id='word_1_142' title='bbox 629 2835 794 2920; x_wconf 83' lang='lat' dir='ltr'><strong>Epicureis</strong></span> <span class='ocrx_word' id='word_1_143' title='bbox 818 2838 850 2898; x_wconf 85' lang='lat' dir='ltr'><strong>et</strong></span> <span class='ocrx_word' id='word_1_144' title='bbox 861 2839 1067 2910; x_wconf 82' lang='grc' dir='ltr'><strong><em>κατασκόποις</em></strong></span> <span class='ocrx_word' id='word_1_145' title='bbox 1080 2840 1143 2902; x_wconf 77' lang='grc' dir='ltr'><strong>τῶν</strong></span> <span class='ocrx_word' id='word_1_146' title='bbox 1156 2839 1282 2922; x_wconf 70' lang='grc' dir='ltr'><strong><em>ὀργίων,</em></strong></span> <span class='ocrx_word' id='word_1_147' title='bbox 1300 2837 1334 2900; x_wconf 94' lang='lat' dir='ltr'><strong>hi</strong></span> <span class='ocrx_word' id='word_1_148' title='bbox 1346 2837 1431 2901; x_wconf 92' lang='lat' dir='ltr'><strong>enim</strong></span> 
     </span>
     <span class='ocr_line' id='line_1_20' title="bbox 391 2949 1433 3043; baseline 0.001 -23"><span class='ocrx_word' id='word_1_149' title='bbox 391 2978 501 3021; x_wconf 89' lang='lat' dir='ltr'><strong>omnes</strong></span> <span class='ocrx_word' id='word_1_150' title='bbox 543 2960 635 3019; x_wconf 90' lang='lat' dir='ltr'><strong>erant</strong></span> <span class='ocrx_word' id='word_1_151' title='bbox 683 2954 877 3020; x_wconf 82' lang='lat' dir='ltr'><strong>acerbissimi</strong></span> <span class='ocrx_word' id='word_1_152' title='bbox 914 2949 1089 3021; x_wconf 84' lang='lat' dir='ltr'><strong>Alexandri</strong></span> <span class='ocrx_word' id='word_1_153' title='bbox 1126 2959 1254 3043; x_wconf 88' lang='lat' dir='ltr'><strong>eiusque</strong></span> <span class='ocrx_word' id='word_1_154' title='bbox 1290 2957 1433 3022; x_wconf 86' lang='lat' dir='ltr'><strong>fallaciae</strong></span> 
     </span>
     <span class='ocr_line' id='line_1_21' title="bbox 391 3071 1432 3158; baseline 0.003 -22"><span class='ocrx_word' id='word_1_155' title='bbox 391 3073 523 3137; x_wconf 89' lang='lat' dir='ltr'><strong>inimici.</strong></span> <span class='ocrx_word' id='word_1_156' title='bbox 550 3071 762 3138; x_wconf 27' lang='lat' dir='ltr'><strong>*Vocabulum</strong></span> <span class='ocrx_word' id='word_1_157' title='bbox 792 3078 888 3149; x_wconf 75' lang='grc' dir='ltr'><em>ἄθεος</em></span> <span class='ocrx_word' id='word_1_158' title='bbox 919 3079 1043 3151; x_wconf 90' lang='lat' dir='ltr'><strong>autem,</strong></span> <span class='ocrx_word' id='word_1_159' title='bbox 1070 3078 1106 3139; x_wconf 90' lang='lat' dir='ltr'><strong>ut</strong></span> <span class='ocrx_word' id='word_1_160' title='bbox 1132 3075 1241 3158; x_wconf 90' lang='lat' dir='ltr'><strong>paucis</strong></span> <span class='ocrx_word' id='word_1_161' title='bbox 1267 3076 1432 3140; x_wconf 85' lang='lat' dir='ltr'><strong>absolvam</strong></span> 
     </span>
     <span class='ocr_line' id='line_1_22' title="bbox 391 3192 1434 3282; baseline 0.001 -25"><span class='ocrx_word' id='word_1_162' title='bbox 391 3193 427 3258; x_wconf 90' lang='lat' dir='ltr'><strong>in</strong></span> <span class='ocrx_word' id='word_1_163' title='bbox 450 3216 484 3282; x_wconf 89' lang='lat' dir='ltr'><strong>re</strong></span> <span class='ocrx_word' id='word_1_164' title='bbox 506 3192 690 3271; x_wconf 86' lang='lat' dir='ltr'><strong>notissima,</strong></span> <span class='ocrx_word' id='word_1_165' title='bbox 714 3193 809 3278; x_wconf 86' lang='lat' dir='ltr'><strong>longe</strong></span> <span class='ocrx_word' id='word_1_166' title='bbox 832 3193 928 3256; x_wconf 90' lang='lat' dir='ltr'><strong>aliam</strong></span> <span class='ocrx_word' id='word_1_167' title='bbox 951 3196 1046 3277; x_wconf 90' lang='lat' dir='ltr'><strong>atque</strong></span> <span class='ocrx_word' id='word_1_168' title='bbox 1067 3192 1162 3257; x_wconf 91' lang='lat' dir='ltr'><strong>hodie</strong></span> <span class='ocrx_word' id='word_1_169' title='bbox 1184 3194 1268 3277; x_wconf 90' lang='lat' dir='ltr'><strong>apud</strong></span> <span class='ocrx_word' id='word_1_170' title='bbox 1288 3195 1434 3279; x_wconf 87' lang='lat' dir='ltr'><strong>aequales</strong></span> 
     </span>
     <span class='ocr_line' id='line_1_23' title="bbox 392 3305 1432 3406; baseline 0.002 -30"><span class='ocrx_word' id='word_1_171' title='bbox 392 3305 518 3377; x_wconf 89' lang='lat' dir='ltr'><strong>nostros</strong></span> <span class='ocrx_word' id='word_1_172' title='bbox 540 3312 808 3406; x_wconf 84' lang='lat' dir='ltr'><strong>significationem</strong></span> <span class='ocrx_word' id='word_1_173' title='bbox 831 3311 977 3375; x_wconf 89' lang='lat' dir='ltr'><strong>habebat</strong></span> <span class='ocrx_word' id='word_1_174' title='bbox 1001 3311 1053 3375; x_wconf 90' lang='lat' dir='ltr'><strong>Illi</strong></span> <span class='ocrx_word' id='word_1_175' title='bbox 1076 3313 1161 3376; x_wconf 91' lang='lat' dir='ltr'><strong>enim</strong></span> <span class='ocrx_word' id='word_1_176' title='bbox 1178 3313 1234 3397; x_wconf 92' lang='lat' dir='ltr'><strong>qui</strong></span> <span class='ocrx_word' id='word_1_177' title='bbox 1249 3313 1432 3397; x_wconf 90' lang='lat' dir='ltr'><strong>opinionem</strong></span> 
     </span>
     <span class='ocr_line' id='line_1_24' title="bbox 392 3430 1433 3516; baseline 0.002 -21"><span class='ocrx_word' id='word_1_178' title='bbox 392 3432 576 3515; x_wconf 88' lang='lat' dir='ltr'><strong>popularem</strong></span> <span class='ocrx_word' id='word_1_179' title='bbox 600 3430 638 3494; x_wconf 90' lang='lat' dir='ltr'><strong>de</strong></span> <span class='ocrx_word' id='word_1_180' title='bbox 661 3431 709 3495; x_wconf 91' lang='lat' dir='ltr'><strong>dis</strong></span> <span class='ocrx_word' id='word_1_181' title='bbox 724 3430 935 3515; x_wconf 89' lang='lat' dir='ltr'><strong>repudiabant</strong></span> <span class='ocrx_word' id='word_1_182' title='bbox 955 3434 987 3494; x_wconf 91' lang='lat' dir='ltr'><strong>et</strong></span> <span class='ocrx_word' id='word_1_183' title='bbox 1002 3431 1057 3515; x_wconf 92' lang='lat' dir='ltr'><strong>qui</strong></span> <span class='ocrx_word' id='word_1_184' title='bbox 1072 3435 1109 3494; x_wconf 85' lang='lat' dir='ltr'><strong>ut</strong></span> <span class='ocrx_word' id='word_1_185' title='bbox 1124 3437 1197 3494; x_wconf 88' lang='lat' dir='ltr'><strong>utar</strong></span> <span class='ocrx_word' id='word_1_186' title='bbox 1212 3431 1433 3516; x_wconf 89' lang='lat' dir='ltr'><strong>Xenophontis</strong></span> 
     </span>
     <span class='ocr_line' id='line_1_25' title="bbox 392 3548 1432 3635; baseline 0.004 -19"><span class='ocrx_word' id='word_1_187' title='bbox 392 3549 496 3616; x_wconf 82' lang='lat' dir='ltr'><strong>verbis</strong></span> <span class='ocrx_word' id='word_1_188' title='bbox 519 3550 558 3613; x_wconf 92' lang='lat' dir='ltr'><strong>de</strong></span> <span class='ocrx_word' id='word_1_189' title='bbox 579 3570 645 3614; x_wconf 91' lang='lat' dir='ltr'><strong>uno</strong></span> <span class='ocrx_word' id='word_1_190' title='bbox 659 3549 812 3615; x_wconf 87' lang='lat' dir='ltr'><strong>omnium</strong></span> <span class='ocrx_word' id='word_1_191' title='bbox 834 3548 940 3616; x_wconf 75' lang='grc' dir='ltr'><em>ἀθέων</em></span> <span class='ocrx_word' id='word_1_192' title='bbox 963 3548 1181 3628; x_wconf 85' lang='lat' dir='ltr'><strong>nobilissimo,</strong></span> <span class='ocrx_word' id='word_1_193' title='bbox 1210 3553 1265 3616; x_wconf 77' lang='grc' dir='ltr'><strong>οὐκ</strong></span> <span class='ocrx_word' id='word_1_194' title='bbox 1290 3553 1432 3635; x_wconf 71' lang='grc' dir='ltr'>ἐνόμιζον</span> 
     </span>
    </p>
   </div>
   <div class='ocr_carea' id='block_1_4' title="bbox 394 3668 1433 3755">
    <p class='ocr_par' dir='ltr' id='par_1_5' title="bbox 394 3668 1433 3755">
     <span class='ocr_line' id='line_1_26' title="bbox 394 3668 1433 3755; baseline 0.002 -20"><span class='ocrx_word' id='word_1_195' title='bbox 394 3673 446 3743; x_wconf 74' lang='grc' dir='ltr'><strong>οὓς</strong></span> <span class='ocrx_word' id='word_1_196' title='bbox 478 3672 580 3754; x_wconf 71' lang='grc' dir='ltr'><strong>μὲνὴ</strong></span> <span class='ocrx_word' id='word_1_197' title='bbox 609 3668 700 3744; x_wconf 79' lang='grc' dir='ltr'><em>πόλις</em></span> <span class='ocrx_word' id='word_1_198' title='bbox 724 3670 841 3752; x_wconf 76' lang='grc' dir='ltr'>νομίζει</span> <span class='ocrx_word' id='word_1_199' title='bbox 865 3671 969 3749; x_wconf 74' lang='lat' dir='ltr'><strong>dende,</strong></span> <span class='ocrx_word' id='word_1_200' title='bbox 992 3669 1083 3754; x_wconf 71' lang='grc' dir='ltr'><strong><em>ἕτερα</em></strong></span> <span class='ocrx_word' id='word_1_201' title='bbox 1106 3670 1140 3735; x_wconf 77' lang='grc' dir='ltr'><strong>δὲ</strong></span> <span class='ocrx_word' id='word_1_202' title='bbox 1166 3673 1262 3738; x_wconf 72' lang='grc' dir='ltr'><strong><em>καινὰ</em></strong></span> <span class='ocrx_word' id='word_1_203' title='bbox 1285 3671 1433 3755; x_wconf 74' lang='grc' dir='ltr'><strong><em>δαιμόνια</em></strong></span> 
     </span>
    </p>
   </div>
   <div class='ocr_carea' id='block_1_5' title="bbox 394 4046 1432 4237">
    <p class='ocr_par' dir='ltr' id='par_1_6' title="bbox 394 4046 1432 4237">
     <span class='ocr_line' id='line_1_27' title="bbox 437 4046 1432 4133; baseline 0.001 -19"><span class='ocrx_word' id='word_1_204' title='bbox 437 4046 460 4133; x_wconf 88' lang='lat'><strong>1)</strong></span> <span class='ocrx_word' id='word_1_205' title='bbox 482 4057 524 4117; x_wconf 80' lang='lat' dir='ltr'><strong>Cf.</strong></span> <span class='ocrx_word' id='word_1_206' title='bbox 547 4057 664 4115; x_wconf 90' lang='lat' dir='ltr'><strong>omuino</strong></span> <span class='ocrx_word' id='word_1_207' title='bbox 686 4057 722 4115; x_wconf 89' lang='lat' dir='ltr'><strong>de</strong></span> <span class='ocrx_word' id='word_1_208' title='bbox 745 4076 777 4114; x_wconf 86' lang='grc' dir='ltr'><strong>6ο</strong></span> <span class='ocrx_word' id='word_1_209' title='bbox 795 4055 892 4114; x_wconf 90' lang='lat' dir='ltr'><strong>libello</strong></span> <span class='ocrx_word' id='word_1_210' title='bbox 907 4053 1051 4130; x_wconf 87' lang='lat' dir='ltr'><strong>egregium</strong></span> <span class='ocrx_word' id='word_1_211' title='bbox 1075 4053 1221 4131; x_wconf 84' lang='lat' dir='ltr'><strong>Bernaysii</strong></span> <span class='ocrx_word' id='word_1_212' title='bbox 1248 4057 1432 4133; x_wconf 87' lang='lat' dir='ltr'><strong>opusculum,</strong></span> 
     </span>
     <span class='ocr_line' id='line_1_28' title="bbox 394 4159 1036 4237; baseline -0.006 -16"><span class='ocrx_word' id='word_1_213' title='bbox 394 4163 500 4222; x_wconf 69' lang='lat' dir='ltr'><strong>Leuat</strong></span> <span class='ocrx_word' id='word_1_214' title='bbox 522 4163 580 4220; x_wconf 82' lang='lat' dir='ltr'><strong>aad</strong></span> <span class='ocrx_word' id='word_1_215' title='bbox 599 4163 643 4220; x_wconf 82' lang='lat' dir='ltr'><strong>die</strong></span> <span class='ocrx_word' id='word_1_216' title='bbox 667 4163 799 4237; x_wconf 71' lang='lat' dir='ltr'><strong>Kynilcer.</strong></span> <span class='ocrx_word' id='word_1_217' title='bbox 822 4159 920 4216; x_wconf 89' lang='lat' dir='ltr'><strong>Berlin</strong></span> <span class='ocrx_word' id='word_1_218' title='bbox 944 4160 1036 4221; x_wconf 72' lang='lat'>1879.</span> 
     </span>
    </p>
   </div>
   <div class='ocr_carea' id='block_1_6' title="bbox 395 4275 738 4357">
    <p class='ocr_par' dir='ltr' id='par_1_7' title="bbox 395 4275 738 4357">
     <span class='ocr_line' id='line_1_29' title="bbox 395 4275 738 4357; baseline -0.012 -20"><span class='ocrx_word' id='word_1_219' title='bbox 395 4275 399 4284; x_wconf 86' lang='grc'><strong>’</strong></span> <span class='ocrx_word' id='word_1_220' title='bbox 436 4279 459 4356; x_wconf 79' lang='lat'><strong>2)</strong></span> <span class='ocrx_word' id='word_1_221' title='bbox 482 4278 551 4357; x_wconf 87' lang='lat' dir='ltr'><strong>Cap.</strong></span> <span class='ocrx_word' id='word_1_222' title='bbox 575 4282 612 4336; x_wconf 73' lang='lat'><strong>25</strong></span> <span class='ocrx_word' id='word_1_223' title='bbox 638 4283 665 4334; x_wconf 91' lang='lat' dir='ltr'><strong>et</strong></span> <span class='ocrx_word' id='word_1_224' title='bbox 689 4280 738 4334; x_wconf 76' lang='lat'><strong>28.</strong></span> 
     </span>
    </p>
   </div>
   <div class='ocr_carea' id='block_1_7' title="bbox 0 0 1702 5180">
    <p class='ocr_par' dir='ltr' id='par_1_8' title="bbox 0 0 1702 5180">
     <span class='ocr_line' id='line_1_30' title="bbox 0 0 1702 5180; baseline 0 0"><span class='ocrx_word' id='word_1_225' title='bbox 0 0 1702 5180; x_wconf 95' lang='lat' dir='ltr'><strong> </strong></span> 
     </span>
    </p>
   </div>
  </div>
 </body>
</html>
