3372 5180
718 671 722 682 ,
739 601 780 670 53

236 825 406 910 pertinens.
437 825 535 892 Nunc
565 830 672 891 sutem
700 825 858 890 Lucienus
880 825 975 910 longe
999 824 1095 889 aliam
1118 823 1205 889 viam
1227 825 1279 888 in·

236 945 404 1032 gredietur.
440 944 494 1010 An
516 945 647 1010 omnino
683 945 790 1031 aliqua
813 943 855 1008 sit
889 945 1005 1008 veritas
1039 943 1179 1029 primum
1203 963 1280 1008 con-

235 1065 446 1130 siderandum·
460 1065 538 1144 erit‚
562 1069 595 1129 et
613 1068 680 1129 tum
697 1064 786 1129 venit
798 1063 1038 1128 narratiuncula
1059 1062 1225 1147 ingeniose
1241 1061 1281 1126 ad

234 1183 370 1268 speciem
392 1205 469 1248 sane
492 1183 566 1248 ficta
589 1183 694 1248 nescio
725 1182 813 1247 cuius
835 1182 925 1247 fabas
949 1179 1047 1247 manu
1070 1181 1210 1247 tenentis
1236 1181 1282 1267 ¹),

235 1325 297 1388 qua
328 1303 472 1387 stupenti
502 1302 607 1368 Stoico
639 1302 789 1381 recitata,
821 1303 904 1380 ἔδει,
938 1301 1046 1386 inquit
1076 1301 1169 1380 Luc,
1195 1297 1281 1383 οἶμαι

236 1429 383 1510 πρότερον
422 1427 558 1507 φανερὸν
593 1421 742 1501 γενέσθαι
777 1423 824 1486 ὃτι
861 1423 1012 1502 ἔγνωσται
1051 1420 1188 1504 τάληθὲς
1227 1421 1280 1483 καὶ

201 1567 203 1570 ’
236 1549 359 1619 πάντως
383 1545 446 1630 ἔχει
471 1546 532 1618 τις’
558 1545 634 1610 αὐτὸ
652 1542 740 1616 εἰδὼς
757 1549 820 1608 τῶν
837 1541 1102 1623 φιλοσοφούντων,
1121 1533 1188 1605 εἶτα
1203 1542 1282 1623 μετὰ

235 1670 325 1729 τοῦτο
348 1668 383 1728 τὸ
415 1664 483 1745 ἑξῆς
506 1667 546 1730 ἄν
577 1659 616 1746 ἦν
641 1663 781 1747 ζητῆσαι,
806 1652 832 1751 ᾧ
862 1661 1003 1728 πειστέον
1029 1662 1123 1727 ἐστίν.
1161 1658 1283 1735 Quibus

235 1783 268 1846 in
292 1783 431 1847 medium
454 1782 586 1866 prolatis
601 1782 717 1848 iterum
741 1781 932 1847 sententiam
948 1780 1057 1866 paucis
1073 1779 1178 1844 verbis
1193 1800 1280 1843 com·

235 1902 383 1986 plectitur
391 1900 427 1987 ῆι
437 1923 569 1987 semper,
582 1902 627 1968 sic
638 1903 863 1987 fereloquitur‚
872 1901 1018 1986 magistri
1026 1904 1057 1964 et
1066 1901 1281 1986 praeceptores

234 2016 269 2082 in
288 2017 445 2104 judicium
478 2019 612 2085 vocandi
634 2024 726 2098 sunt,
757 2021 909 2105 quoniam
932 2018 1057 2083 etiamsi
1079 2017 1281 2083 inveniamus
1380 2025 1384 2036 “

236 2137 373 2222 aliquem
396 2139 570 2222 professum
601 2139 681 2204 scire
703 2161 736 2203 ss
759 2138 879 2223 aliquid
902 2159 939 2201 ac
962 2138 1071 2201 docere
1100 2136 1180 2201 velle
1203 2134 1282 2200 alios

235 2279 300 2321 non
333 2257 444 2322 statim
477 2258 526 2321 illi
561 2258 717 2323 credimus
751 2259 804 2322 sed
834 2257 1015 2343 quaerimus
1048 2256 1104 2341 qui
1139 2255 1281 2340 judicare

236 2375 336 2459 possit
357 2398 399 2439 an
424 2399 497 2440 vera
518 2377 575 2440 illa
598 2376 700 2455 dicat,
724 2377 832 2441 etalio
854 2377 949 2442 etiam
965 2376 1071 2460 judice
1093 2375 1186 2439 nobis
1201 2396 1281 2460 opus

237 2502 283 2558 est
313 2494 353 2558 ad
384 2494 417 2558 id
447 2494 696 2578 dijudicandum.
727 2495 828 2559 Plane
858 2494 960 2560 victus
991 2498 1023 2558 et
1053 2493 1196 2560 animum
1226 2494 1282 2558 de-

237 2614 395 2698 spondens
429 2614 554 2680 Stoicus
577 2615 748 2680 exclamat:
780 2621 944 2701 ᾰνθρακάς
967 2642 1018 2700 μοι
1041 2601 1097 2682 cdv
1121 2615 1282 2699 θησαυρὸν

238 2736 401 2819 ἀπέφηνας
437 2738 489 2799 καὶ
513 2739 555 2810 ὥς
579 2739 679 2802 ἔοικεν
715 2736 880 2802 ἀπολεῖταί
902 2763 954 2819 μοι
994 2741 1033 2800 τὰ
1058 2746 1193 2802 τοσαῦτα
1228 2738 1282 2818 ἔτη

238 2859 289 2920 καὶ
312 2860 329 2921 ό
347 2863 483 2939 ιιοίμοιτο,ἱ
499 2861 516 2922 c‘
532 2857 640 2932 πολύς.
658 2857 775 2923 Statim
792 2857 951 2926 Luciacus
967 2857 1159 2943 obloquitur.
1176 2856 1280 2922 Multo

239 2977 342 3042 minus
364 2977 398 3042 id
418 2979 547 3044 moleste
561 2978 659 3056 feres,
675 2979 702 3043 si
716 2981 821 3043 tecum
839 2977 1035 3061 reputaveris
1050 2999 1115 3042 non
1130 2981 1162 3040 te
1177 2977 1280 3041 solum

239 3095 370 3181 speratis
400 3096 463 3161 illis
494 3097 587 3162 honis
617 3119 738 3182 carere,
763 3097 810 3161 nil
832 3097 1006 3182 quidquam
1033 3095 1119 3160 enim
1142 3094 1220 3159 certi
1244 3094 1282 3159 de

239 3237 398 3300 quaquam
412 3204 454 3280 're
477 3215 539 3280 dici
554 3220 659 3300 potest
673 3220 706 3280 et
720 3238 830 3281 omnes
845 3214 1025 3300 philosophi
1040 3221 1194 3301 μάχονται
1211 3216 1280 3299 περὶ

239 3339 313 3402 ὄνου
325 3343 412 3410 σκιᾶς
423 3357 559 3413 ‚sanam
572 3334 633 3398 sibi
644 3334 827 3399 felicitatem
839 3338 1024 3420 proponunt
1036 3339 1067 3399 et
1078 3335 1162 3398 idem
1175 3333 1214 3398 iis
1223 3356 1282 3397 usu

240 3455 328 3520 venit
350 3456 435 3540 quod
457 3453 691 3519 somniantibus
714 3453 770 3538 qui
792 3453 902 3518 beatas
924 3453 1045 3518 insulas
1067 3453 1128 3518 sibi
1144 3453 1281 3538 fingant.

284 3557 486 3658 Propositum
520 3574 620 3659 igitur
643 3573 727 3658 quod
760 3572 940 3657 philosophi
974 3573 1098 3657 assequi
1127 3575 1283 3636 conantur

236 3693 305 3779 jam
317 3715 355 3758 ex
367 3694 465 3758 oculis
476 3692 645 3757 miserrimi
653 3690 753 3757 Stoici
760 3691 921 3755 sublatum
930 3695 987 3770 est,
996 3691 1049 3757 sed
1056 3691 1116 3769 lac,
1125 3689 1284 3755 Lucienus

239 3811 345 3897 inquit
361 3805 398 3898 ³),
421 3814 454 3876 to
476 3811 659 3876 universum
685 3809 787 3897 (ὅλον)
812 3809 1084 3895 comprehendisse
1106 3813 1142 3874 τὸ
1164 3812 1221 3892 μὲν
1246 3811 1283 3892 δὴ

283 4089 308 4163 1)
330 4086 397 4144 nn
419 4085 451 4144 c.
476 4089 525 4144 ιο.

283 4187 306 4266 2)
329 4188 395 4247 nn
416 4188 448 4247 c.
474 4192 529 4261 ro,
557 4190 605 4251 ιι.

282 4290 306 4371 ³)
328 4293 394 4352 rou
416 4292 448 4354 c.
474 4295 522 4355 rs.
