3372 5180
861 507 1009 608 24'

406 763 480 829 Non
511 763 605 828 modo
633 767 759 841 autom,
789 763 834 828 sic
864 762 989 828 Momus
1019 761 1084 832 fare
1111 763 1217 848 pergit
1246 762 1281 826 in
1308 782 1403 844 supra

361 883 490 946 laudato
522 883 648 962 libello,
679 887 727 947 est
753 882 878 948 infinita
909 882 1037 948 deorum
1065 883 1155 967 copia
1180 882 1234 947 sed
1256 881 1402 964 Tropho-

362 998 435 1062 nius
467 1019 592 1083 quoque
621 1001 653 1063 et
674 999 760 1084 quod
782 1000 921 1063 maxime
941 1021 993 1064 me
1016 1002 1110 1064 vexat
1132 1002 1165 1063 et
1187 999 1298 1084 angit,
1321 999 1401 1064 Am·
1461 975 1466 983 .

362 1115 537 1200 philochus‚
560 1117 721 1182 sacerrimi
739 1117 879 1182 hominis
902 1121 934 1182 et
949 1117 1135 1183 matricidae
1157 1117 1253 1195 filius,
1276 1118 1402 1182 oracula

361 1232 485 1310 firnffit,
521 1235 631 1299 beatus
655 1235 709 1300 illa
731 1235 764 1298 in
793 1233 926 1313 Cilicia,
959 1235 1132 1314 mentiens,
1157 1237 1342 1321 plerumque
1372 1239 1404 1300 et

361 1351 543 1436 praestigiis
565 1352 699 1417 duorum
722 1353 887 1418 obolorum
909 1375 1003 1418 causa
1025 1355 1148 1419 fallens.
1172 1353 1403 1440 Amphilochus

363 1469 435 1554 quis
452 1469 549 1535 fucrit
572 1471 620 1535 vel
635 1492 675 1536 ax
690 1470 856 1537 Strabonis
870 1474 940 1537 loco
958 1472 1076 1538 discere
1091 1495 1256 1560 possumus
1277 1473 1403 1557 (Strabo

319 1585 321 1588 ’
364 1585 453 1664 XIV,
476 1587 511 1654 Ο.
542 1588 625 1667 675,
649 1589 709 1654 Ed.
740 1589 916 1676 Meineke)‚
948 1590 986 1655 de
1011 1590 1067 1654 illo
1094 1593 1201 1654 autem
1223 1594 1256 1655 at
1277 1590 1404 1654 oraculo

365 1705 432 1769 aius
465 1706 596 1771 nonnisi
628 1729 754 1793 sparsae
787 1708 987 1773 narrationes
1021 1708 1061 1772 ad
1090 1729 1149 1772 nos
1172 1711 1404 1792 pervenerunt:

364 1823 449 1907 qnod
463 1824 559 1910 longe
574 1825 666 1890 aliter
681 1831 729 1891 est
743 1826 778 1890 in
793 1826 986 1911 Trophonio.
1003 1825 1099 1890 Illius
1114 1826 1234 1890 oraculi
1249 1825 1404 1890 studiosos

364 1941 484 2025 optime
518 1942 661 2028 delegare
694 1967 861 2030 possumus
895 1946 935 2010 ad
969 1945 1158 2011 Strabonem
1184 1944 1209 2031 1)
1239 1945 1296 2008 ubi
1326 1949 1404 2020 Ζεύς

366 2065 547 2146 Τροφώνιος
581 2062 775 2146 appellatur,
812 2069 844 2128 et
877 2064 917 2128 ad
949 2062 1143 2127 Pausaniam
1180 2062 1236 2149 qui
1276 2067 1310 2130 ἐν
1341 2072 1405 2140 τοῖς

367 2187 554 2256 Bormanon·
570 2180 608 2245 dc
626 2182 751 2246 oraculo
774 2186 807 2245 et
828 2181 982 2246 nonnulla
1005 2180 1158 2246 delibavit
1180 2185 1212 2246 et
1234 2204 1297 2266 qna
1312 2203 1405 2246 causa

365 2305 527 2384 repertum
559 2301 601 2365 sit
630 2322 667 2364 ea
700 2305 812 2365 narrat
844 2323 926 2385 quae
959 2304 1042 2365 certe
1075 2321 1111 2364 eo
1134 2303 1272 2385 tempore
1294 2302 1329 2366 in
1354 2323 1406 2365 ore

367 2419 476 2503 populi
499 2423 604 2484 essent
624 2419 660 2505 ²).
682 2418 852 2485 Oraculnm
876 2419 987 2504 magni
1009 2419 1078 2483 fieri
1102 2423 1134 2483 et
1155 2441 1193 2484 eo
1214 2425 1356 2505 tempore
1375 2425 1407 2486 ct

364 2535 489 2621 jamdiu
530 2541 625 2601 antea
659 2539 814 2622 conjicere
847 2538 921 2602 licet
959 2560 998 2602 ex
1031 2538 1071 2602 iis
1109 2560 1189 2622 quae
1227 2538 1407 2605 Herodotus

368 2656 407 2720 dc
441 2677 478 2720 ea
511 2677 544 2721 re
576 2655 677 2721 literis
711 2657 877 2722 mandavit
906 2659 941 2744 ³).
979 2657 1146 2723 Plutarchi
1175 2664 1278 2725 aetate
1308 2683 1407 2746 quum
1522 2715 1529 2724 .

370 2773 478 2838 omnia
518 2775 584 2839 fere
618 2775 760 2839 oracula.
778 2780 951 2841 cessassent
985 2781 1016 2840 et
1049 2780 1232 2860 contempta
1266 2780 1409 2862 jacerent

371 2892 548 2977 Trophonii
573 2892 737 2960 Lebadeae
756 2897 918 2961 oraculum
940 2896 1048 2960 floruit
1071 2900 1103 2960 et
1126 2896 1160 2960 in
1176 2897 1410 2962 existimatione

169 3025 170 3032 ’
294 3095 296 3100 Ι
369 3011 512 3077 omnium
536 3017 620 3079 erat:
655 3036 732 3078 nam
766 3015 799 3078 id
826 3015 938 3078 saltem
962 3014 1115 3098 expiscari
1139 3020 1172 3079 et
1194 3016 1309 3101 conjici
1333 3016 1408 3081 licet

368 3152 406 3197 ex
428 3131 569 3216 graviter
592 3132 762 3217 depravato
785 3131 950 3215 Plutarchi
968 3132 1036 3196 loco
1052 3132 1087 3195 in
1101 3132 1207 3198 libello
1223 3134 1274 3199 cui
1290 3157 1407 3200 nomen

368 3254 437 3336 περὶ
461 3258 524 3318 τῶν
548 3249 770 3320 ἐκλελοιπότων
795 3251 985 3339 χρηστηρίων
1008 3251 1044 3337 4).

415 3368 536 3446 Quibus
551 3372 589 3436 dc
604 3373 739 3437 oraculis
761 3376 793 3438 et
815 3372 947 3437 deorum
965 3370 1053 3434 cultu
1072 3368 1107 3432 in
1123 3369 1262 3434 medium
1277 3371 1409 3454 prolatis

417 3797 440 3871 1)
462 3795 520 3866 ΙΧ,
543 3813 571 3871 p.
595 3797 667 3854 414.

416 3897 439 3974 ²)
461 3899 581 3956 Pausan.
603 3897 660 3967 IX,
685 3900 740 3968 39,
765 3902 816 3957 40.

416 4005 441 4077 ³)
462 4000 570 4059 Herod.
593 4001 683 4072 VIII,
709 4005 779 4062 134.
802 4034 841 4046 -
864 4002 984 4060 Pausan.
1008 4001 1059 4072 IV,
1084 4004 1133 4060 32.

415 4106 440 4177 4)
463 4102 529 4180 Gap.
556 4106 582 4162 Β.
607 4137 646 4146 -
670 4103 845 4162 eromuino
867 4103 996 4162 deeare
1018 4103 1207 4175 Schocmann,
1231 4105 1409 4164 Griechische
1439 4071 1441 4077 v

374 4205 581 4276 Alterthiimer,
604 4205 651 4276 11,
674 4225 702 4282 p.
726 4208 797 4264 336.
820 4225 880 4283 sqq.
904 4210 931 4263 et
954 4206 1021 4264 Luc.
1046 4205 1120 4264 Dial.
1145 4207 1231 4266 Mort.
1255 4207 1311 4266 111.
