3372 5180
776 585 818 649 23

363 802 438 867 Jam
460 801 582 886 pridem
604 801 703 886 Syrus
721 802 756 866 in
779 801 921 867 Tiberim
944 801 1076 866 defluxit
1099 799 1234 865 Orontes

362 923 395 984 et
420 920 566 1005 linguam
589 924 622 984 et
645 941 747 984 mores
775 923 904 984 etcum
934 918 1068 984 tibicine
1095 919 1227 984 chordas

362 1036 507 1122 obliquas
534 1059 594 1102 nec
620 1059 687 1102 non
709 1037 844 1123 gentilia
867 1042 1024 1122 tympana
1047 1058 1153 1101 secum

363 1155 449 1220 vexit
475 1156 570 1220 etad
601 1156 720 1221 circum
748 1156 851 1241 jussas
870 1159 1013 1240 prostare
1035 1155 1166 1239 puellas.

319 1333 450 1399 Duobus
483 1335 534 1400 vel
568 1335 670 1400 tribus
700 1335 832 1400 saeculis
863 1339 938 1399 ante
967 1332 1145 1399 Lucianum
1164 1353 1315 1397 numerus

274 1454 403 1518 deorum
435 1476 530 1538 quem
552 1454 691 1519 Romani
715 1455 815 1519 colere
837 1453 982 1518 solebant
1004 1456 1115 1517 auctus
1138 1454 1215 1516 erat.
1239 1449 1315 1514 Non

274 1575 401 1638 tantum
434 1571 570 1636 numina
607 1572 662 1636 illa
697 1594 778 1656 quae
811 1571 955 1636 Momnm
994 1592 1090 1654 supra
1127 1569 1315 1634 recitantem

275 1688 471 1767 audivimus,
507 1689 561 1753 sed
598 1688 676 1767 Isis,
719 1688 836 1766 Osiris,
871 1688 1020 1766 Anubis,
1062 1687 1195 1764 Bendis,
1231 1685 1316 1750 Deus

276 1806 385 1872 Lunus
408 1809 432 1892 ¹)
456 1809 486 1890 (ὁ
507 1810 614 1893 Μὴν),
639 1807 857 1874 confluxerant
880 1808 920 1872 ad
946 1808 1072 1884 urbem,
1097 1805 1249 1891 dignum,
1279 1809 1316 1868 ut

274 1923 406 1991 Ovidius
429 1928 493 2005 ait,
517 1928 623 1992 locum
645 1949 709 2012 quo
736 1929 811 1992 deus
834 1929 937 1991 omnis
953 1931 1013 1991 eat.
1035 1926 1110 1991 Jam
1126 1926 1210 2009 apud
1226 1925 1315 1990 Cice·

273 2065 384 2108 renem
408 2067 516 2111 nonne
537 2046 674 2131 legimns
696 2045 840 2110 Ennium
860 2046 1035 2122 dicentem,
1067 2067 1100 2110 se
1121 2066 1188 2108 non
1203 2044 1315 2108 timere

274 2183 377 2246 neque
407 2162 503 2227 nauci
532 2163 649 2227 habere
685 2163 826 2228 «Isiacos
860 2164 1076 2248 conjectores»
1105 2153 1154 2249 ²)'I
1190 2160 1314 2225 Passim

274 2279 358 2362 apud
380 2280 549 2364 scriptores
564 2281 741 2346 Lucianum
757 2285 861 2346 aetate
877 2282 1115 2359 antecedentes,
1138 2303 1168 2345 v.
1185 2302 1212 2345 o.
1230 2279 1314 2364 apud

273 2397 499 2477 Plutarchum,
534 2401 723 2465 offendimus
761 2401 864 2465 cultus
903 2401 1034 2466 deorum
1056 2400 1314 2485 peregrinorum

273 2515 396 2599 piratae
425 2522 616 2603 peregerunt
638 2519 673 2583 in
697 2516 832 2603 Olympo
855 2518 1024 2604 peregrina
1048 2517 1199 2602 quaedam
1227 2538 1316 2581 sacra

274 2633 416 2719 ritusque
432 2657 580 2714 arcanos,
597 2623 643 2704 ὧν
666 2645 687 2720 ηΓ
709 2642 763 2703 τοῦ
786 2639 920 2724 Μίθρου
943 2639 996 2703 καὶ
1020 2637 1108 2724 μέχρι
1133 2636 1221 2722 δεῦρο
1244 2635 1314 2700 δια-

273 2754 403 2828 σώζεται
431 2755 674 2841 καταδειχθεῖσα
698 2762 846 2843 πρότερον
869 2757 923 2823 ὑπ’
949 2758 1075 2824 ἐκείνων
1100 2755 1139 2842 ⁸).
1164 2753 1316 2819 Solebant

274 2867 406 2932 Luciani
429 2872 573 2955 aequales
597 2876 629 2936 et
651 2873 804 2958 sequioris
830 2875 944 2938 aetatis
966 2873 1111 2937 homines
1135 2870 1313 2957 promiscue

274 2986 348 3051 deos
379 2989 528 3072 antiquos
557 2990 721 3055 Romanos
751 3013 881 3076 eosque,
906 2991 962 3075 qui
985 3012 1004 3053 a
1029 2991 1138 3054 Momo
1162 3014 1313 3074 παρεγγε-

275 3103 443 3188 γραμμέαοι
475 3106 626 3183 audiunt,
662 3107 762 3171 colere
792 3113 824 3172 et
855 3107 1011 3172 venerari.
1046 3107 1085 3171 In
1116 3107 1184 3172 vita
1214 3103 1315 3170 Marci

275 3220 435 3288 Antonini
467 3245 486 3286 a
515 3224 601 3288 Julio
633 3223 813 3309 Capitolino
846 3225 1024 3309 conscripta
1051 3225 1186 3309 legimus
1209 3222 1315 3287 Anto-

275 3339 390 3404 ninum
420 3345 611 3405 commotum
644 3364 709 3406 esse
743 3347 811 3407 tam
846 3343 1051 3408 vehementer
1084 3346 1204 3407 terrore
1240 3339 1316 3404 belli

279 3457 528 3522 Marcomannici
546 3459 734 3544 utundique
749 3462 924 3526 sacerdotes
954 3461 1120 3541 acciverit,
1140 3462 1316 3547 pereffluas

276 3579 355 3641 ritus
372 3579 542 3662 ,impleverit
566 3579 602 3664 ⁴).

318 3838 341 3914 1)
365 3839 406 3898 cf.
430 3841 492 3899 Jov.
515 3840 653 3917 Tragoed.
676 3841 708 3900 0.
737 3845 765 3900 8.

318 3929 341 4016 ²)
364 3938 413 4002 Cic
435 3944 470 4001 de
490 3943 683 4002 Divinatione.
706 3944 736 4014 I,
763 3946 811 4002 58.

317 4041 341 4123 ³)
364 4048 438 4106 Plut.
461 4047 528 4104 vita
550 4046 686 4123 Pompeji.
712 4050 762 4105 24.

316 4154 340 4225 4)
367 4150 424 4209 Jul.
438 4149 558 4226 Capitol.
583 4151 650 4206 Vita
672 4151 713 4208 M.
738 4150 807 4210 Ant.
832 4149 898 4226 Cap.
926 4151 974 4207 13.
1000 4147 1094 4206 -Cf,
1115 4149 1199 4206 etiam
1214 4150 1317 4210 Juven.

274 4253 324 4310 Sat
345 4253 434 4324 XIII,
460 4255 498 4310 46
523 4255 603 4311 turta
625 4253 744 4310 deorum.
