<?xml version="1.0" encoding="UTF-8"?>
<!DOCTYPE html PUBLIC "-//W3C//DTD XHTML 1.0 Transitional//EN"
    "http://www.w3.org/TR/xhtml1/DTD/xhtml1-transitional.dtd">
<html xmlns="http://www.w3.org/1999/xhtml" xml:lang="en" lang="en">
 <head>
  <title>
</title>
<meta http-equiv="Content-Type" content="text/html;charset=utf-8" />
  <meta name='ocr-system' content='tesseract 3.04.00' />
  <meta name='ocr-capabilities' content='ocr_page ocr_carea ocr_par ocr_line ocrx_word'/>
</head>
<body>
  <div class='ocr_page' id='page_1' title='image "./delucianoaequal00marggoog/delucianoaequal00marggoog_0043.png"; bbox 0 0 3372 5180; ppageno 0'>
   <div class='ocr_carea' id='block_1_1' title="bbox 867 597 908 661">
    <p class='ocr_par' dir='ltr' id='par_1_1' title="bbox 867 597 908 661">
     <span class='ocr_line' id='line_1_1' title="bbox 867 597 908 661; baseline 0 0"><span class='ocrx_word' id='word_1_1' title='bbox 867 597 908 661; x_wconf 81' lang='lat'>26</span> 
     </span>
    </p>
   </div>
   <div class='ocr_carea' id='block_1_2' title="bbox 367 808 1409 1251">
    <p class='ocr_par' dir='ltr' id='par_1_2' title="bbox 367 808 1409 1251">
     <span class='ocr_line' id='line_1_2' title="bbox 368 808 1408 896; baseline -0.006 -16"><span class='ocrx_word' id='word_1_2' title='bbox 368 813 516 880; x_wconf 83' lang='lat' dir='ltr'>viderunt</span> <span class='ocrx_word' id='word_1_3' title='bbox 530 831 650 896; x_wconf 88' lang='lat' dir='ltr'>angues</span> <span class='ocrx_word' id='word_1_4' title='bbox 666 811 819 896; x_wconf 91' lang='lat' dir='ltr'>quosdam</span> <span class='ocrx_word' id='word_1_5' title='bbox 841 810 967 896; x_wconf 88' lang='lat' dir='ltr'>ingenti</span> <span class='ocrx_word' id='word_1_6' title='bbox 985 811 1087 895; x_wconf 89' lang='lat' dir='ltr'>specie</span> <span class='ocrx_word' id='word_1_7' title='bbox 1106 811 1159 876; x_wconf 89' lang='lat' dir='ltr'>sed</span> <span class='ocrx_word' id='word_1_8' title='bbox 1177 813 1295 876; x_wconf 86' lang='lat' dir='ltr'>natura</span> <span class='ocrx_word' id='word_1_9' title='bbox 1310 808 1408 876; x_wconf 86' lang='lat' dir='ltr'>cicuri</span> 
     </span>
     <span class='ocr_line' id='line_1_3' title="bbox 370 929 1408 1017; baseline -0.007 -18"><span class='ocrx_word' id='word_1_10' title='bbox 370 939 402 999; x_wconf 92' lang='lat' dir='ltr'>et</span> <span class='ocrx_word' id='word_1_11' title='bbox 422 935 596 1016; x_wconf 88' lang='lat' dir='ltr'>mausueta,</span> <span class='ocrx_word' id='word_1_12' title='bbox 620 951 754 1017; x_wconf 88' lang='lat' dir='ltr'>quorum</span> <span class='ocrx_word' id='word_1_13' title='bbox 778 951 895 1015; x_wconf 88' lang='lat' dir='ltr'>magno</span> <span class='ocrx_word' id='word_1_14' title='bbox 914 952 1047 996; x_wconf 89' lang='lat' dir='ltr'>numero</span> <span class='ocrx_word' id='word_1_15' title='bbox 1065 929 1175 1015; x_wconf 81' lang='lat' dir='ltr'><strong>paucis</strong></span> <span class='ocrx_word' id='word_1_16' title='bbox 1193 929 1332 995; x_wconf 90' lang='lat' dir='ltr'>nummis</span> <span class='ocrx_word' id='word_1_17' title='bbox 1346 929 1408 994; x_wconf 91' lang='lat' dir='ltr'>sibi</span> 
     </span>
     <span class='ocr_line' id='line_1_4' title="bbox 369 1046 1409 1138; baseline -0.008 -20"><span class='ocrx_word' id='word_1_18' title='bbox 369 1055 569 1138; x_wconf 89' lang='lat' dir='ltr'>comparato,</span> <span class='ocrx_word' id='word_1_19' title='bbox 589 1050 770 1115; x_wconf 79' lang='lat' dir='ltr'><strong>Alexander</strong></span> <span class='ocrx_word' id='word_1_20' title='bbox 795 1053 828 1114; x_wconf 93' lang='lat' dir='ltr'>et</span> <span class='ocrx_word' id='word_1_21' title='bbox 850 1048 952 1115; x_wconf 89' lang='lat' dir='ltr'>socius</span> <span class='ocrx_word' id='word_1_22' title='bbox 966 1049 1018 1114; x_wconf 92' lang='lat' dir='ltr'>cui</span> <span class='ocrx_word' id='word_1_23' title='bbox 1033 1070 1150 1114; x_wconf 89' lang='lat' dir='ltr'>nomen</span> <span class='ocrx_word' id='word_1_24' title='bbox 1165 1051 1234 1113; x_wconf 87' lang='lat' dir='ltr'>erat</span> <span class='ocrx_word' id='word_1_25' title='bbox 1249 1046 1409 1113; x_wconf 84' lang='lat' dir='ltr'>Oocconas</span> 
     </span>
     <span class='ocr_line' id='line_1_5' title="bbox 367 1164 1408 1251; baseline -0.002 -19"><span class='ocrx_word' id='word_1_26' title='bbox 367 1170 453 1234; x_wconf 88' lang='lat' dir='ltr'>inter</span> <span class='ocrx_word' id='word_1_27' title='bbox 463 1190 496 1233; x_wconf 90' lang='lat' dir='ltr'>sc</span> <span class='ocrx_word' id='word_1_28' title='bbox 507 1167 724 1232; x_wconf 82' lang='lat' dir='ltr'>deliberabant</span> <span class='ocrx_word' id='word_1_29' title='bbox 732 1166 770 1230; x_wconf 89' lang='lat' dir='ltr'>ds</span> <span class='ocrx_word' id='word_1_30' title='bbox 778 1166 904 1231; x_wconf 89' lang='lat' dir='ltr'>oraculo</span> <span class='ocrx_word' id='word_1_31' title='bbox 916 1165 1137 1231; x_wconf 87' lang='lat' dir='ltr'>constituendo</span> <span class='ocrx_word' id='word_1_32' title='bbox 1148 1165 1246 1251; x_wconf 88' lang='lat' dir='ltr'>probe</span> <span class='ocrx_word' id='word_1_33' title='bbox 1257 1164 1408 1244; x_wconf 86' lang='lat' dir='ltr'>scientes,</span> 
     </span>
    </p>
   </div>
   <div class='ocr_carea' id='block_1_3' title="bbox 369 1285 1409 1374">
    <p class='ocr_par' dir='ltr' id='par_1_3' title="bbox 369 1285 1409 1374">
     <span class='ocr_line' id='line_1_6' title="bbox 369 1285 1409 1374; baseline 0.002 -24"><span class='ocrx_word' id='word_1_34' title='bbox 369 1291 406 1350; x_wconf 91' lang='lat' dir='ltr'>nt</span> <span class='ocrx_word' id='word_1_35' title='bbox 422 1286 582 1351; x_wconf 82' lang='lat' dir='ltr'>Lucienus</span> <span class='ocrx_word' id='word_1_36' title='bbox 596 1286 659 1364; x_wconf 84' lang='lat' dir='ltr'>ait,</span> <span class='ocrx_word' id='word_1_37' title='bbox 674 1289 730 1353; x_wconf 83' lang='grc' dir='ltr'>τὸν</span> <span class='ocrx_word' id='word_1_38' title='bbox 742 1294 807 1353; x_wconf 84' lang='grc' dir='ltr'>τῶν</span> <span class='ocrx_word' id='word_1_39' title='bbox 819 1287 1000 1372; x_wconf 75' lang='grc' dir='ltr'><strong><em>ἀνθρώπων</em></strong></span> <span class='ocrx_word' id='word_1_40' title='bbox 1016 1287 1163 1374; x_wconf 66' lang='lat' dir='ltr'>dicatiori</span> <span class='ocrx_word' id='word_1_41' title='bbox 1179 1285 1268 1352; x_wconf 84' lang='grc' dir='ltr'><strong><em>δυοῖν</em></strong></span> <span class='ocrx_word' id='word_1_42' title='bbox 1284 1290 1409 1352; x_wconf 91' lang='grc' dir='ltr'><strong><em>τούτοιν</em></strong></span> 
     </span>
    </p>
   </div>
   <div class='ocr_carea' id='block_1_4' title="bbox 367 1402 1411 1493">
    <p class='ocr_par' dir='ltr' id='par_1_4' title="bbox 367 1402 1411 1493">
     <span class='ocr_line' id='line_1_7' title="bbox 367 1402 1411 1493; baseline -0.003 -23"><span class='ocrx_word' id='word_1_43' title='bbox 367 1407 524 1489; x_wconf 73' lang='grc' dir='ltr'><strong><em>μεγίστοιν</em></strong></span> <span class='ocrx_word' id='word_1_44' title='bbox 556 1409 805 1491; x_wconf 74' lang='grc' dir='ltr'><strong><em>τυραννούμενον</em></strong></span> <span class='ocrx_word' id='word_1_45' title='bbox 837 1405 962 1482; x_wconf 78' lang='grc' dir='ltr'><strong><em>ἐλπίδος</em></strong></span> <span class='ocrx_word' id='word_1_46' title='bbox 985 1409 1038 1470; x_wconf 75' lang='grc' dir='ltr'>καὶ</span> <span class='ocrx_word' id='word_1_47' title='bbox 1066 1409 1176 1493; x_wconf 79' lang='grc' dir='ltr'><strong><em>φόβου.</em></strong></span> <span class='ocrx_word' id='word_1_48' title='bbox 1197 1402 1411 1469; x_wconf 78' lang='lat' dir='ltr'>Constituitur</span> 
     </span>
    </p>
   </div>
   <div class='ocr_carea' id='block_1_5' title="bbox 357 1522 1417 4327">
    <p class='ocr_par' dir='ltr' id='par_1_5' title="bbox 357 1522 1417 4327">
     <span class='ocr_line' id='line_1_8' title="bbox 370 1522 1409 1608; baseline -0.001 -19"><span class='ocrx_word' id='word_1_49' title='bbox 370 1524 431 1589; x_wconf 91' lang='lat' dir='ltr'>hoc</span> <span class='ocrx_word' id='word_1_50' title='bbox 450 1523 613 1589; x_wconf 88' lang='lat' dir='ltr'>oraculum</span> <span class='ocrx_word' id='word_1_51' title='bbox 630 1528 758 1588; x_wconf 89' lang='lat' dir='ltr'>auctore</span> <span class='ocrx_word' id='word_1_52' title='bbox 777 1522 959 1587; x_wconf 84' lang='lat' dir='ltr'>Alexandro</span> <span class='ocrx_word' id='word_1_53' title='bbox 978 1523 1013 1588; x_wconf 92' lang='lat' dir='ltr'>in</span> <span class='ocrx_word' id='word_1_54' title='bbox 1032 1524 1138 1608; x_wconf 89' lang='lat' dir='ltr'>patria</span> <span class='ocrx_word' id='word_1_55' title='bbox 1156 1523 1223 1588; x_wconf 88' lang='lat' dir='ltr'>eius</span> <span class='ocrx_word' id='word_1_56' title='bbox 1250 1524 1283 1587; x_wconf 78' lang='grc' dir='ltr'>ἐν</span> <span class='ocrx_word' id='word_1_57' title='bbox 1296 1527 1340 1607; x_wconf 82' lang='grc' dir='ltr'>τῷ</span> <span class='ocrx_word' id='word_1_58' title='bbox 1355 1525 1409 1588; x_wconf 82' lang='grc' dir='ltr'>τοῦ</span> 
     </span>
     <span class='ocr_line' id='line_1_9' title="bbox 370 1641 1410 1731; baseline -0.006 -22"><span class='ocrx_word' id='word_1_59' title='bbox 370 1643 525 1731; x_wconf 77' lang='grc' dir='ltr'><strong><em>Ἀβώνου</em></strong></span> <span class='ocrx_word' id='word_1_60' title='bbox 548 1643 654 1729; x_wconf 80' lang='grc' dir='ltr'><strong><em>τείχει,</em></strong></span> <span class='ocrx_word' id='word_1_61' title='bbox 678 1664 759 1727; x_wconf 90' lang='lat' dir='ltr'>quae</span> <span class='ocrx_word' id='word_1_62' title='bbox 785 1645 832 1706; x_wconf 89' lang='lat' dir='ltr'>cst</span> <span class='ocrx_word' id='word_1_63' title='bbox 854 1642 932 1710; x_wconf 87' lang='lat' dir='ltr'>urbs</span> <span class='ocrx_word' id='word_1_64' title='bbox 951 1643 986 1706; x_wconf 91' lang='lat' dir='ltr'>in</span> <span class='ocrx_word' id='word_1_65' title='bbox 998 1641 1234 1727; x_wconf 79' lang='lat' dir='ltr'>Paphlagoniae</span> <span class='ocrx_word' id='word_1_66' title='bbox 1246 1663 1301 1706; x_wconf 90' lang='lat' dir='ltr'>ora</span> <span class='ocrx_word' id='word_1_67' title='bbox 1314 1641 1410 1704; x_wconf 91' lang='lat' dir='ltr'>mari-</span> 
     </span>
     <span class='ocr_line' id='line_1_10' title="bbox 370 1758 1410 1836; baseline 0.001 -11"><span class='ocrx_word' id='word_1_68' title='bbox 370 1761 460 1826; x_wconf 89' lang='lat' dir='ltr'>tima.</span> <span class='ocrx_word' id='word_1_69' title='bbox 485 1760 588 1836; x_wconf 68' lang='lat' dir='ltr'>Quaem</span> <span class='ocrx_word' id='word_1_70' title='bbox 612 1761 716 1825; x_wconf 86' lang='lat' dir='ltr'>adhuc</span> <span class='ocrx_word' id='word_1_71' title='bbox 746 1758 942 1825; x_wconf 81' lang='lat' dir='ltr'>Chalcedona</span> <span class='ocrx_word' id='word_1_72' title='bbox 971 1762 1172 1824; x_wconf 83' lang='lat' dir='ltr'>versarentur</span> <span class='ocrx_word' id='word_1_73' title='bbox 1193 1759 1278 1822; x_wconf 88' lang='lat' dir='ltr'>fama</span> <span class='ocrx_word' id='word_1_74' title='bbox 1308 1763 1410 1826; x_wconf 88' lang='lat' dir='ltr'>totam</span> 
     </span>
     <span class='ocr_line' id='line_1_11' title="bbox 373 1878 1410 1965; baseline -0.001 -22"><span class='ocrx_word' id='word_1_75' title='bbox 373 1879 484 1944; x_wconf 84' lang='lat' dir='ltr'>Asiam</span> <span class='ocrx_word' id='word_1_76' title='bbox 518 1879 674 1964; x_wconf 72' lang='lat' dir='ltr'><strong>percurrit</strong></span> <span class='ocrx_word' id='word_1_77' title='bbox 704 1878 930 1963; x_wconf 78' lang='lat' dir='ltr'>Aesculapium</span> <span class='ocrx_word' id='word_1_78' title='bbox 960 1902 1032 1944; x_wconf 89' lang='lat' dir='ltr'>cum</span> <span class='ocrx_word' id='word_1_79' title='bbox 1069 1883 1160 1965; x_wconf 89' lang='lat' dir='ltr'>patre</span> <span class='ocrx_word' id='word_1_80' title='bbox 1193 1878 1342 1965; x_wconf 80' lang='lat' dir='ltr'>Apolline</span> <span class='ocrx_word' id='word_1_81' title='bbox 1375 1879 1410 1942; x_wconf 94' lang='lat' dir='ltr'>in</span> 
     </span>
     <span class='ocr_line' id='line_1_12' title="bbox 357 1993 1411 2062; baseline -0.002 0"><span class='ocrx_word' id='word_1_82' title='bbox 357 1997 514 2062; x_wconf 74' lang='lat' dir='ltr'>&#39;Pontum</span> <span class='ocrx_word' id='word_1_83' title='bbox 537 1999 707 2061; x_wconf 85' lang='lat' dir='ltr'>venturum</span> <span class='ocrx_word' id='word_1_84' title='bbox 729 1998 762 2059; x_wconf 91' lang='lat' dir='ltr'>et</span> <span class='ocrx_word' id='word_1_85' title='bbox 783 1993 891 2059; x_wconf 92' lang='lat' dir='ltr'>Aboni</span> <span class='ocrx_word' id='word_1_86' title='bbox 914 2000 1053 2060; x_wconf 80' lang='lat' dir='ltr'>castrum</span> <span class='ocrx_word' id='word_1_87' title='bbox 1076 1997 1257 2061; x_wconf 90' lang='lat' dir='ltr'>habitatum</span> <span class='ocrx_word' id='word_1_88' title='bbox 1285 2017 1411 2061; x_wconf 87' lang='lat' dir='ltr'>conces·</span> 
     </span>
     <span class='ocr_line' id='line_1_13' title="bbox 372 2110 1412 2199; baseline 0.001 -20"><span class='ocrx_word' id='word_1_89' title='bbox 372 2136 481 2179; x_wconf 90' lang='lat' dir='ltr'>surum</span> <span class='ocrx_word' id='word_1_90' title='bbox 493 2135 567 2177; x_wconf 89' lang='lat' dir='ltr'>esse.</span> <span class='ocrx_word' id='word_1_91' title='bbox 581 2110 649 2187; x_wconf 84' lang='lat' dir='ltr'>Quo</span> <span class='ocrx_word' id='word_1_92' title='bbox 659 2135 730 2176; x_wconf 89' lang='lat' dir='ltr'>cum</span> <span class='ocrx_word' id='word_1_93' title='bbox 739 2112 899 2178; x_wconf 82' lang='lat' dir='ltr'>venisseut</span> <span class='ocrx_word' id='word_1_94' title='bbox 911 2111 1090 2178; x_wconf 84' lang='lat' dir='ltr'>Alexander</span> <span class='ocrx_word' id='word_1_95' title='bbox 1101 2116 1157 2199; x_wconf 90' lang='lat' dir='ltr'>qni</span> <span class='ocrx_word' id='word_1_96' title='bbox 1168 2136 1201 2178; x_wconf 90' lang='lat' dir='ltr'>se</span> <span class='ocrx_word' id='word_1_97' title='bbox 1212 2136 1298 2179; x_wconf 89' lang='lat' dir='ltr'>nunc</span> <span class='ocrx_word' id='word_1_98' title='bbox 1309 2115 1412 2181; x_wconf 88' lang='lat' dir='ltr'>Poda-</span> 
     </span>
     <span class='ocr_line' id='line_1_14' title="bbox 372 2226 1412 2316; baseline 0.001 -20"><span class='ocrx_word' id='word_1_99' title='bbox 372 2231 437 2296; x_wconf 89' lang='lat' dir='ltr'>lirii</span> <span class='ocrx_word' id='word_1_100' title='bbox 454 2231 558 2294; x_wconf 86' lang='lat' dir='ltr'>filium</span> <span class='ocrx_word' id='word_1_101' title='bbox 577 2226 781 2314; x_wconf 87' lang='lat' dir='ltr'>praedicabat</span> <span class='ocrx_word' id='word_1_102' title='bbox 799 2233 831 2294; x_wconf 91' lang='lat' dir='ltr'>et</span> <span class='ocrx_word' id='word_1_103' title='bbox 850 2252 973 2314; x_wconf 84' lang='lat' dir='ltr'>semper</span> <span class='ocrx_word' id='word_1_104' title='bbox 991 2231 1132 2315; x_wconf 90' lang='lat' dir='ltr'>prodiret</span> <span class='ocrx_word' id='word_1_105' title='bbox 1149 2253 1307 2316; x_wconf 84' lang='lat' dir='ltr'>purpurea</span> <span class='ocrx_word' id='word_1_106' title='bbox 1326 2238 1412 2298; x_wconf 86' lang='lat' dir='ltr'>veste</span> 
     </span>
     <span class='ocr_line' id='line_1_15' title="bbox 373 2347 1412 2438; baseline 0.002 -25"><span class='ocrx_word' id='word_1_107' title='bbox 373 2349 504 2414; x_wconf 86' lang='lat' dir='ltr'>indutus</span> <span class='ocrx_word' id='word_1_108' title='bbox 526 2351 559 2412; x_wconf 90' lang='lat' dir='ltr'>et</span> <span class='ocrx_word' id='word_1_109' title='bbox 578 2347 692 2431; x_wconf 90' lang='lat' dir='ltr'>capillo</span> <span class='ocrx_word' id='word_1_110' title='bbox 711 2347 881 2438; x_wconf 82' lang='lat' dir='ltr'>promisso,¹</span> <span class='ocrx_word' id='word_1_111' title='bbox 900 2347 1026 2432; x_wconf 89' lang='lat' dir='ltr'>ingenti</span> <span class='ocrx_word' id='word_1_112' title='bbox 1047 2347 1226 2420; x_wconf 84' lang='lat' dir='ltr'>confluente</span> <span class='ocrx_word' id='word_1_113' title='bbox 1245 2348 1412 2415; x_wconf 91' lang='lat' dir='ltr'>hominnm</span> 
     </span>
     <span class='ocr_line' id='line_1_16' title="bbox 373 2465 1412 2550; baseline 0.001 -18"><span class='ocrx_word' id='word_1_114' title='bbox 373 2467 588 2548; x_wconf 85' lang='lat' dir='ltr'>multitudine,</span> <span class='ocrx_word' id='word_1_115' title='bbox 600 2469 711 2529; x_wconf 87' lang='lat' dir='ltr'>eterra</span> <span class='ocrx_word' id='word_1_116' title='bbox 723 2465 806 2530; x_wconf 90' lang='lat' dir='ltr'>eruit</span> <span class='ocrx_word' id='word_1_117' title='bbox 817 2487 917 2529; x_wconf 86' lang='lat' dir='ltr'>unum</span> <span class='ocrx_word' id='word_1_118' title='bbox 925 2487 964 2530; x_wconf 86' lang='lat' dir='ltr'>ex</span> <span class='ocrx_word' id='word_1_119' title='bbox 971 2466 1169 2550; x_wconf 75' lang='lat' dir='ltr'>serpentibus</span> <span class='ocrx_word' id='word_1_120' title='bbox 1176 2465 1264 2531; x_wconf 90' lang='lat' dir='ltr'>Pella</span> <span class='ocrx_word' id='word_1_121' title='bbox 1273 2467 1412 2533; x_wconf 74' lang='lat' dir='ltr'>advectis</span> 
     </span>
     <span class='ocr_line' id='line_1_17' title="bbox 371 2582 1411 2671; baseline 0 -21"><span class='ocrx_word' id='word_1_122' title='bbox 371 2608 465 2671; x_wconf 88' lang='lat' dir='ltr'>quem</span> <span class='ocrx_word' id='word_1_123' title='bbox 476 2587 636 2648; x_wconf 89' lang='lat' dir='ltr'>recentem</span> <span class='ocrx_word' id='word_1_124' title='bbox 647 2587 760 2646; x_wconf 87' lang='lat' dir='ltr'>natum</span> <span class='ocrx_word' id='word_1_125' title='bbox 768 2582 993 2666; x_wconf 86' lang='lat' dir='ltr'>Aesculapium</span> <span class='ocrx_word' id='word_1_126' title='bbox 1002 2605 1067 2648; x_wconf 89' lang='lat' dir='ltr'>csse</span> <span class='ocrx_word' id='word_1_127' title='bbox 1075 2583 1165 2648; x_wconf 84' lang='lat' dir='ltr'>dixit.</span> <span class='ocrx_word' id='word_1_128' title='bbox 1174 2583 1302 2649; x_wconf 91' lang='lat' dir='ltr'>Nonita</span> <span class='ocrx_word' id='word_1_129' title='bbox 1311 2585 1411 2650; x_wconf 87' lang='lat' dir='ltr'>multo</span> 
     </span>
     <span class='ocr_line' id='line_1_18' title="bbox 372 2700 1412 2788; baseline -0.003 -20"><span class='ocrx_word' id='word_1_130' title='bbox 372 2707 452 2788; x_wconf 90' lang='lat' dir='ltr'>post.</span> <span class='ocrx_word' id='word_1_131' title='bbox 473 2700 634 2767; x_wconf 79' lang='lat' dir='ltr'>Cocconas</span> <span class='ocrx_word' id='word_1_132' title='bbox 653 2702 719 2765; x_wconf 89' lang='lat' dir='ltr'>fato</span> <span class='ocrx_word' id='word_1_133' title='bbox 738 2701 867 2766; x_wconf 92' lang='lat' dir='ltr'>functus</span> <span class='ocrx_word' id='word_1_134' title='bbox 878 2705 926 2766; x_wconf 91' lang='lat' dir='ltr'>est</span> <span class='ocrx_word' id='word_1_135' title='bbox 941 2706 974 2765; x_wconf 91' lang='lat' dir='ltr'>et</span> <span class='ocrx_word' id='word_1_136' title='bbox 988 2701 1169 2767; x_wconf 85' lang='lat' dir='ltr'>Alexander</span> <span class='ocrx_word' id='word_1_137' title='bbox 1197 2703 1282 2768; x_wconf 90' lang='lat' dir='ltr'>solus</span> <span class='ocrx_word' id='word_1_138' title='bbox 1301 2725 1412 2767; x_wconf 86' lang='lat' dir='ltr'>oracu-</span> 
     </span>
     <span class='ocr_line' id='line_1_19' title="bbox 371 2819 1413 2887; baseline 0.001 -1"><span class='ocrx_word' id='word_1_139' title='bbox 371 2822 476 2887; x_wconf 88' lang='lat' dir='ltr'>lorum</span> <span class='ocrx_word' id='word_1_140' title='bbox 507 2820 666 2886; x_wconf 91' lang='lat' dir='ltr'>officinam</span> <span class='ocrx_word' id='word_1_141' title='bbox 700 2825 737 2883; x_wconf 91' lang='lat' dir='ltr'>ut</span> <span class='ocrx_word' id='word_1_142' title='bbox 759 2819 805 2883; x_wconf 89' lang='lat' dir='ltr'>ita</span> <span class='ocrx_word' id='word_1_143' title='bbox 832 2819 936 2884; x_wconf 89' lang='lat' dir='ltr'>dicam</span> <span class='ocrx_word' id='word_1_144' title='bbox 965 2820 1218 2885; x_wconf 85' lang='lat' dir='ltr'>administrabat.</span> <span class='ocrx_word' id='word_1_145' title='bbox 1245 2821 1413 2887; x_wconf 82' lang='lat' dir='ltr'>Fundebat</span> 
     </span>
     <span class='ocr_line' id='line_1_20' title="bbox 372 2939 1411 3026; baseline -0.003 -20"><span class='ocrx_word' id='word_1_146' title='bbox 372 2941 499 3006; x_wconf 89' lang='lat' dir='ltr'>oracula</span> <span class='ocrx_word' id='word_1_147' title='bbox 516 2962 639 3024; x_wconf 89' lang='lat' dir='ltr'>semper</span> <span class='ocrx_word' id='word_1_148' title='bbox 654 2939 804 3004; x_wconf 86' lang='lat' dir='ltr'>omnibus</span> <span class='ocrx_word' id='word_1_149' title='bbox 817 2940 873 3024; x_wconf 92' lang='lat' dir='ltr'>qni</span> <span class='ocrx_word' id='word_1_150' title='bbox 889 2940 1070 3005; x_wconf 86' lang='lat' dir='ltr'>consultum</span> <span class='ocrx_word' id='word_1_151' title='bbox 1085 2946 1257 3020; x_wconf 88' lang='lat' dir='ltr'>venerunt,</span> <span class='ocrx_word' id='word_1_152' title='bbox 1273 2942 1411 3026; x_wconf 91' lang='lat' dir='ltr'>primum</span> 
     </span>
     <span class='ocr_line' id='line_1_21' title="bbox 373 3057 1413 3144; baseline -0.002 -18"><span class='ocrx_word' id='word_1_153' title='bbox 373 3069 439 3137; x_wconf 85' lang='grc' dir='ltr'><strong><em>τοῖς</em></strong></span> <span class='ocrx_word' id='word_1_154' title='bbox 450 3057 636 3140; x_wconf 81' lang='grc' dir='ltr'><strong><em>Παφλαγόσι</em></strong></span> <span class='ocrx_word' id='word_1_155' title='bbox 650 3060 701 3123; x_wconf 80' lang='grc' dir='ltr'>καὶ</span> <span class='ocrx_word' id='word_1_156' title='bbox 714 3065 882 3134; x_wconf 79' lang='grc' dir='ltr'><strong><em>Ποντικοῖς</em></strong></span> <span class='ocrx_word' id='word_1_157' title='bbox 891 3060 1018 3133; x_wconf 75' lang='grc' dir='ltr'><strong><em>ἐκείνοις</em></strong></span> <span class='ocrx_word' id='word_1_158' title='bbox 1030 3058 1142 3144; x_wconf 82' lang='grc' dir='ltr'><strong><em>παχέσι</em></strong></span> <span class='ocrx_word' id='word_1_159' title='bbox 1151 3061 1203 3123; x_wconf 81' lang='grc' dir='ltr'>καὶ</span> <span class='ocrx_word' id='word_1_160' title='bbox 1213 3059 1413 3136; x_wconf 71' lang='grc' dir='ltr'><strong><em>ἀπαιδεύτοις</em></strong></span> 
     </span>
     <span class='ocr_line' id='line_1_22' title="bbox 373 3176 1413 3267; baseline -0.003 -21"><span class='ocrx_word' id='word_1_161' title='bbox 373 3184 572 3267; x_wconf 76' lang='grc' dir='ltr'><strong><em>ἀνθρώποις,</em></strong></span> <span class='ocrx_word' id='word_1_162' title='bbox 596 3177 765 3262; x_wconf 84' lang='lat' dir='ltr'>paullatim</span> <span class='ocrx_word' id='word_1_163' title='bbox 789 3182 894 3240; x_wconf 89' lang='lat' dir='ltr'>autem</span> <span class='ocrx_word' id='word_1_164' title='bbox 918 3199 956 3240; x_wconf 84' lang='lat' dir='ltr'>ex</span> <span class='ocrx_word' id='word_1_165' title='bbox 975 3176 1128 3261; x_wconf 87' lang='lat' dir='ltr'>Bithynia</span> <span class='ocrx_word' id='word_1_166' title='bbox 1144 3177 1362 3264; x_wconf 82' lang='lat' dir='ltr'>Gallograecia</span> <span class='ocrx_word' id='word_1_167' title='bbox 1381 3182 1413 3243; x_wconf 89' lang='lat' dir='ltr'>et</span> 
     </span>
     <span class='ocr_line' id='line_1_23' title="bbox 373 3294 1413 3364; baseline -0.002 -1"><span class='ocrx_word' id='word_1_168' title='bbox 373 3299 509 3364; x_wconf 85' lang='lat' dir='ltr'>Thracia</span> <span class='ocrx_word' id='word_1_169' title='bbox 528 3296 683 3363; x_wconf 87' lang='lat' dir='ltr'>confinxit</span> <span class='ocrx_word' id='word_1_170' title='bbox 694 3294 819 3361; x_wconf 89' lang='lat' dir='ltr'>credula</span> <span class='ocrx_word' id='word_1_171' title='bbox 830 3295 924 3359; x_wconf 88' lang='lat' dir='ltr'>turba</span> <span class='ocrx_word' id='word_1_172' title='bbox 937 3295 1029 3358; x_wconf 93' lang='lat' dir='ltr'>modo</span> <span class='ocrx_word' id='word_1_173' title='bbox 1041 3299 1154 3359; x_wconf 90' lang='lat' dir='ltr'>natum</span> <span class='ocrx_word' id='word_1_174' title='bbox 1166 3297 1260 3360; x_wconf 86' lang='lat' dir='ltr'>deum</span> <span class='ocrx_word' id='word_1_175' title='bbox 1276 3297 1413 3361; x_wconf 89' lang='lat' dir='ltr'>salutare</span> 
     </span>
     <span class='ocr_line' id='line_1_24' title="bbox 374 3411 1412 3501; baseline -0.002 -20"><span class='ocrx_word' id='word_1_176' title='bbox 374 3417 513 3501; x_wconf 92' lang='lat' dir='ltr'>cupiens.</span> <span class='ocrx_word' id='word_1_177' title='bbox 560 3416 607 3479; x_wconf 58' lang='lat' dir='ltr'>=In</span> <span class='ocrx_word' id='word_1_178' title='bbox 652 3413 786 3478; x_wconf 92' lang='lat' dir='ltr'>oraculis</span> <span class='ocrx_word' id='word_1_179' title='bbox 830 3412 959 3477; x_wconf 85' lang='lat' dir='ltr'>edendis</span> <span class='ocrx_word' id='word_1_180' title='bbox 1001 3411 1176 3477; x_wconf 86' lang='lat' dir='ltr'>Alexandri</span> <span class='ocrx_word' id='word_1_181' title='bbox 1218 3415 1412 3479; x_wconf 87' lang='lat' dir='ltr'>machinatio</span> 
     </span>
     <span class='ocr_line' id='line_1_25' title="bbox 375 3532 1414 3617; baseline 0 -19"><span class='ocrx_word' id='word_1_182' title='bbox 375 3535 546 3601; x_wconf 80' lang='lat' dir='ltr'>haeserat:</span> <span class='ocrx_word' id='word_1_183' title='bbox 560 3533 679 3599; x_wconf 88' lang='lat' dir='ltr'>Venire</span> <span class='ocrx_word' id='word_1_184' title='bbox 690 3534 834 3597; x_wconf 91' lang='lat' dir='ltr'>solebant</span> <span class='ocrx_word' id='word_1_185' title='bbox 844 3532 989 3597; x_wconf 89' lang='lat' dir='ltr'>homines</span> <span class='ocrx_word' id='word_1_186' title='bbox 1003 3554 1074 3596; x_wconf 88' lang='lat' dir='ltr'>cum</span> <span class='ocrx_word' id='word_1_187' title='bbox 1087 3532 1264 3617; x_wconf 88' lang='lat' dir='ltr'>obsignatis</span> <span class='ocrx_word' id='word_1_188' title='bbox 1275 3533 1414 3611; x_wconf 78' lang='lat' dir='ltr'>tabellis,</span> 
     </span>
     <span class='ocr_line' id='line_1_26' title="bbox 376 3649 1416 3736; baseline -0.003 -19"><span class='ocrx_word' id='word_1_189' title='bbox 376 3653 556 3719; x_wconf 87' lang='lat' dir='ltr'>Alexander</span> <span class='ocrx_word' id='word_1_190' title='bbox 601 3657 708 3717; x_wconf 90' lang='lat' dir='ltr'>antem</span> <span class='ocrx_word' id='word_1_191' title='bbox 750 3649 937 3735; x_wconf 84' lang='lat' dir='ltr'>excogitatis</span> <span class='ocrx_word' id='word_1_192' title='bbox 970 3649 1102 3714; x_wconf 86' lang='lat' dir='ltr'>diversis</span> <span class='ocrx_word' id='word_1_193' title='bbox 1135 3650 1277 3716; x_wconf 83' lang='lat' dir='ltr'>solvendi</span> <span class='ocrx_word' id='word_1_194' title='bbox 1311 3651 1416 3736; x_wconf 85' lang='lat' dir='ltr'>sigilla</span> 
     </span>
     <span class='ocr_line' id='line_1_27' title="bbox 377 3757 1415 3856; baseline -0.001 -21"><span class='ocrx_word' id='word_1_195' title='bbox 377 3772 479 3838; x_wconf 92' lang='lat' dir='ltr'>modis</span> <span class='ocrx_word' id='word_1_196' title='bbox 510 3770 777 3856; x_wconf 88' lang='lat' dir='ltr'>interrogationes</span> <span class='ocrx_word' id='word_1_197' title='bbox 811 3757 952 3852; x_wconf 86' lang='lat' dir='ltr'>singulas</span> <span class='ocrx_word' id='word_1_198' title='bbox 985 3767 1091 3852; x_wconf 88' lang='lat' dir='ltr'>legere</span> <span class='ocrx_word' id='word_1_199' title='bbox 1113 3767 1235 3833; x_wconf 89' lang='lat' dir='ltr'>solebat</span> <span class='ocrx_word' id='word_1_200' title='bbox 1269 3773 1301 3833; x_wconf 92' lang='lat' dir='ltr'>et</span> <span class='ocrx_word' id='word_1_201' title='bbox 1334 3790 1415 3854; x_wconf 88' lang='lat' dir='ltr'>quae</span> 
     </span>
     <span class='ocr_line' id='line_1_28' title="bbox 377 3883 1417 3973; baseline -0.003 -18"><span class='ocrx_word' id='word_1_202' title='bbox 377 3890 559 3956; x_wconf 83' lang='lat' dir='ltr'>viderentur</span> <span class='ocrx_word' id='word_1_203' title='bbox 580 3888 805 3973; x_wconf 89' lang='lat' dir='ltr'>respondebat,</span> <span class='ocrx_word' id='word_1_204' title='bbox 825 3889 895 3949; x_wconf 89' lang='lat' dir='ltr'>tum</span> <span class='ocrx_word' id='word_1_205' title='bbox 915 3884 1040 3949; x_wconf 87' lang='lat' dir='ltr'>tabulas</span> <span class='ocrx_word' id='word_1_206' title='bbox 1062 3883 1179 3948; x_wconf 88' lang='lat' dir='ltr'>iterum</span> <span class='ocrx_word' id='word_1_207' title='bbox 1201 3885 1362 3951; x_wconf 84' lang='lat' dir='ltr'>involutas</span> <span class='ocrx_word' id='word_1_208' title='bbox 1384 3891 1417 3952; x_wconf 90' lang='lat' dir='ltr'>et</span> 
     </span>
     <span class='ocr_line' id='line_1_29' title="bbox 378 4003 1416 4094; baseline -0.005 -20"><span class='ocrx_word' id='word_1_209' title='bbox 378 4010 562 4094; x_wconf 88' lang='lat' dir='ltr'>obsignatas</span> <span class='ocrx_word' id='word_1_210' title='bbox 590 4008 719 4072; x_wconf 88' lang='lat' dir='ltr'>reddere</span> <span class='ocrx_word' id='word_1_211' title='bbox 740 4005 860 4071; x_wconf 86' lang='lat' dir='ltr'>solebat</span> <span class='ocrx_word' id='word_1_212' title='bbox 882 4003 1133 4084; x_wconf 88' lang='lat' dir='ltr'>consulentibus,</span> <span class='ocrx_word' id='word_1_213' title='bbox 1161 4024 1242 4087; x_wconf 90' lang='lat' dir='ltr'>quac</span> <span class='ocrx_word' id='word_1_214' title='bbox 1267 4025 1416 4088; x_wconf 88' lang='lat' dir='ltr'>responsa</span> 
     </span>
     <span class='ocr_line' id='line_1_30' title="bbox 377 4121 1416 4208; baseline 0 -21"><span class='ocrx_word' id='word_1_215' title='bbox 377 4124 446 4208; x_wconf 90' lang='lat' dir='ltr'>ipsa</span> <span class='ocrx_word' id='word_1_216' title='bbox 457 4123 592 4189; x_wconf 87' lang='lat' dir='ltr'>obscura</span> <span class='ocrx_word' id='word_1_217' title='bbox 603 4128 635 4188; x_wconf 91' lang='lat' dir='ltr'>et</span> <span class='ocrx_word' id='word_1_218' title='bbox 646 4123 797 4206; x_wconf 90' lang='lat' dir='ltr'>ambigna</span> <span class='ocrx_word' id='word_1_219' title='bbox 809 4125 910 4199; x_wconf 88' lang='lat' dir='ltr'>erant,</span> <span class='ocrx_word' id='word_1_220' title='bbox 925 4121 1136 4208; x_wconf 73' lang='grc' dir='ltr'><strong><em>χρησμῳδικὸν</em></strong></span> <span class='ocrx_word' id='word_1_221' title='bbox 1147 4125 1207 4207; x_wconf 80' lang='grc' dir='ltr'>γὰρ</span> <span class='ocrx_word' id='word_1_222' title='bbox 1220 4121 1317 4187; x_wconf 79' lang='grc' dir='ltr'><strong><em>ἐδόκει</em></strong></span> <span class='ocrx_word' id='word_1_223' title='bbox 1330 4125 1416 4208; x_wconf 81' lang='grc' dir='ltr'><strong><em>αὐτῷ</em></strong></span> 
     </span>
     <span class='ocr_line' id='line_1_31' title="bbox 379 4239 1416 4327; baseline 0.001 -19"><span class='ocrx_word' id='word_1_224' title='bbox 379 4245 431 4308; x_wconf 76' lang='grc' dir='ltr'>καὶ</span> <span class='ocrx_word' id='word_1_225' title='bbox 447 4249 549 4310; x_wconf 81' lang='grc' dir='ltr'><strong><em>τοῦτο.</em></strong></span> <span class='ocrx_word' id='word_1_226' title='bbox 569 4242 636 4309; x_wconf 82' lang='lat' dir='ltr'>Soli</span> <span class='ocrx_word' id='word_1_227' title='bbox 651 4241 800 4327; x_wconf 82' lang='lat' dir='ltr'>Epicurei</span> <span class='ocrx_word' id='word_1_228' title='bbox 814 4239 994 4324; x_wconf 90' lang='lat' dir='ltr'>philosophi</span> <span class='ocrx_word' id='word_1_229' title='bbox 1006 4240 1164 4306; x_wconf 81' lang='grc' dir='ltr'><strong><em>ἄσπονδον</em></strong></span> <span class='ocrx_word' id='word_1_230' title='bbox 1177 4242 1229 4305; x_wconf 81' lang='grc' dir='ltr'>καὶ</span> <span class='ocrx_word' id='word_1_231' title='bbox 1242 4242 1416 4327; x_wconf 68' lang='grc' dir='ltr'><strong><em>ἀκήρυκτον</em></strong></span> 
     </span>
    </p>
   </div>
   <div class='ocr_carea' id='block_1_6' title="bbox 0 0 1703 5180">
    <p class='ocr_par' dir='ltr' id='par_1_6' title="bbox 0 0 1703 5180">
     <span class='ocr_line' id='line_1_32' title="bbox 0 0 1703 5180; baseline 0 0"><span class='ocrx_word' id='word_1_232' title='bbox 0 0 1703 5180; x_wconf 95' lang='lat' dir='ltr'> </span> 
     </span>
    </p>
   </div>
  </div>
 </body>
</html>
