3408 5180
806 580 848 646 93

305 804 448 885 expertes
492 805 584 866 erant
620 801 667 865 ita
702 801 909 886 judicabant,
950 822 1059 864 rerum
1093 798 1349 884 elegantissimus

305 921 439 1004 quisque
462 919 680 985 Romanorum
705 919 841 985 Graecae
863 920 994 1004 linguae
1016 923 1049 984 et
1071 919 1238 984 literarum
1253 919 1352 1003 probe

305 1039 425 1122 peritus
448 1042 556 1102 tamen
580 1061 647 1103 non
670 1039 733 1104 nisi
755 1062 827 1104 cum
845 1038 1037 1104 contumelia
1053 1042 1148 1122 atque
1165 1041 1350 1121 contemptu

306 1161 344 1224 de
378 1160 485 1225 indole
519 1164 551 1226 et
576 1155 726 1224 'moribus
765 1159 957 1224 Graecorum
991 1159 1143 1245 loquitur.
1180 1157 1259 1222 Odio
1283 1161 1351 1222 crat

305 1279 451 1344 Romano
490 1278 592 1362 gravi,
630 1297 757 1354 severo,
796 1277 917 1342 crudeli
950 1277 1135 1361 plerumque
1165 1275 1266 1340 nimia
1296 1275 1352 1339 illa

307 1398 420 1462 alacris
451 1396 601 1462 dicacitas
632 1400 664 1460 et
687 1396 828 1460 sollertia
852 1395 1043 1461 Graecorum
1068 1395 1206 1490 propria.
1231 1393 1351 1459 Tribuo

307 1515 452 1594 tirason,
488 1513 598 1580 Cicero
629 1515 755 1600 inquit,
788 1515 914 1596 literas,
950 1515 990 1579 do
1025 1515 1198 1578 multarum
1232 1513 1350 1578 artium

307 1634 525 1719 disciplinam,
561 1656 627 1698 non
662 1633 767 1700 adimo
795 1635 947 1700 sermonis
969 1635 1125 1718 leporem,
1149 1633 1350 1718 ingeniosum

308 1749 454 1829 acumen,
479 1750 604 1815 dicendi
628 1750 769 1835 copiam;
794 1751 931 1835 denique
954 1752 1051 1816 etiam
1075 1751 1101 1816 si
1124 1774 1188 1836 qua
1211 1750 1272 1816 sibi
1289 1751 1352 1814 alia

309 1875 457 1948 sumunt,
477 1892 543 1934 non
559 1891 720 1954 repugno;
737 1869 989 1936 testimoniorum
1006 1862 1195 1956 religionem
1211 1872 1353 1936 attidem

309 2012 486 2074 numquam
516 1989 578 2052 ista
610 1989 699 2053 natio
728 1989 842 2068 coluit,
866 1989 1026 2074 totiusque
1051 1989 1180 2054 huiusce
1203 1991 1249 2054 rei
1272 2012 1353 2073 quae

308 2110 351 2174 sit
373 2111 437 2188 ris,
462 2132 543 2194 quae
566 2110 757 2188 auotoritas,
778 2110 862 2194 quod
881 2111 1005 2194 pondus
1019 2111 1182 2196 ignorant.
1195 2109 1220 2196 ¹)
1244 2110 1353 2175 Livius

310 2228 373 2294 illis
404 2229 544 2312 imputat
570 2228 682 2314 lingua
706 2227 808 2312 magis
831 2233 976 2293 strenuos
999 2252 1065 2294 esse
1089 2252 1184 2314 quam
1212 2229 1305 2295 factis
1329 2222 1354 2316 ²)

309 2350 341 2411 et
363 2346 447 2412 idem
478 2347 533 2411 ille
567 2345 693 2426 (licere,
728 2345 864 2412 Athenis
900 2354 931 2412 et
956 2347 1062 2413 Rhodi
1090 2347 1219 2413 Graecis
1253 2348 1355 2413 literis

311 2470 343 2530 et
385 2465 560 2551 disciplinis
598 2466 757 2544 eruditae,
797 2488 969 2550 earumque
1011 2471 1080 2533 tota
1115 2468 1181 2532 vita
1215 2469 1354 2533 fervidus

311 2589 436 2649 amator
459 2589 492 2649 et
511 2586 595 2669 quod
619 2608 714 2670 supra
736 2585 936 2650 laudavimus
951 2589 983 2650 et
995 2587 1233 2670 perversitatem
1246 2587 1285 2652 iis
1297 2565 1367 2651 ob-¹

307 2704 386 2789 jecit
419 2703 596 2768 maledictis
629 2703 806 2768 insectandi
840 2726 909 2782 eos,
946 2727 964 2768 a
1000 2705 1116 2789 quibus
1150 2706 1188 2770 da
1219 2706 1353 2770 veritate

310 2813 512 2888 dissentiunt.
537 2813 562 2908 3)
586 2822 743 2887 Attamen
769 2803 946 2888 statuamus
972 2846 1097 2890 necessa
1126 2829 1173 2890 est
1193 2824 1354 2890 Ciceronis

310 3108 369 3168 Vit.
393 3107 478 3185 Soph.
502 3108 546 3179 ΙΙ,
570 3109 636 3186 Cap.
665 3113 717 3180 19,
741 3110 776 3168 de
798 3112 902 3170 Rufino
924 3114 1047 3191 quodam
1070 3113 1218 3193 Apollonii
1240 3135 1273 3173 ex
1288 3133 1354 3174 con·

309 3215 412 3274 cubina
435 3217 510 3275 filio:
536 3219 757 3279 audomarum
788 3216 885 3281 αὐτοῦ
909 3242 992 3292 τινες
1021 3219 1074 3280 καὶ
1091 3219 1126 3282 τὸ
1142 3217 1294 3298 σταλῆναι
1313 3221 1355 3293 εἷς

310 3318 521 3386 Μακεδονίαν
558 3325 716 3402 μισθωτὸν
756 3324 856 3398 ciuica
895 3325 963 3390 οὐδ’
995 3321 1028 3392 εὖ·
1058 3333 1253 3412 πραττούσης
1284 3326 1355 3391 ἀλλ’

309 3427 451 3508 ἀφείσθω
485 3436 548 3494 τῶν
584 3432 747 3496 τοιούτων
784 3433 909 3516 εὕρομεν
946 3437 999 3498 καὶ
1034 3443 1099 3502 τῶν
1135 3433 1217 3501 πολε)
1251 3441 1355 3516 σοφῶν

311 3538 412 3611 ἐνίους
446 3536 548 3601 πολλοὶ
579 3541 631 3602 καὶ
654 3539 847 3629 ἀνελεύθερα
869 3544 946 3630 ὑπὲρ
972 3551 1135 3630 χρημάτων
1159 3545 1354 3630 πράξαντας.

311 3644 370 3720 Qui
391 3646 469 3704 locus
491 3647 615 3705 dilucide
638 3648 759 3707 declarat
781 3670 865 3728 quam
885 3653 914 3710 in
938 3655 1073 3731 opinione
1090 3655 1218 3713 omnium
1230 3654 1358 3729 jacerent

309 3747 358 3806 isti
391 3750 516 3808 mercede
542 3752 675 3809 conducti
697 3753 845 3826 Graeculi;
876 3759 950 3813 certe
978 3757 1002 3815 si
1024 3756 1145 3816 Rufinus
1167 3757 1215 3815 ille
1238 3758 1355 3833 patriam

310 3851 439 3910 hostibus
466 3854 636 3930 prodidisset
657 3861 707 3913 aut
732 3855 810 3915 aliud
831 3857 970 3934 flagitium
993 3860 1121 3918 mercede
1143 3864 1256 3938 accepta
1279 3879 1355 3918 oom-
1464 3887 1474 3899 ·

308 3956 446 4015 mississet
466 3956 542 4016 haud
563 3960 798 4018 contumeliosius
820 3961 963 4038 designari
985 3965 1133 4042 potuisset.
1189 3991 1190 3996 ¹

355 4049 377 4133 1)
400 4060 458 4118 Cic.
482 4080 532 4138 pro
554 4062 663 4132 Flacc,
688 4063 719 4122 0.
744 4068 773 4124 4.

353 4156 374 4237 ²)
398 4163 461 4223 Liv.
484 4166 519 4224 A.
543 4165 580 4226 U.
604 4166 636 4225 (1.
659 4167 749 4241 VIII,
776 4171 825 4228 22.

354 4264 377 4342 ³)
402 4267 445 4325 De
466 4269 530 4329 Fiu.
553 4270 598 4342 ΙΙ,
624 4272 672 4332 25.
