3372 5180
742 519 782 585 57

243 743 355 806 contra
375 739 506 803 effusam
529 759 654 803 morum
677 735 954 821 depravationem,
984 737 1078 801 simul
1105 739 1143 801 ut
1172 737 1287 802 idonce

243 859 328 924 ritae
362 859 488 924 diceret.
526 856 595 933 Qua
629 879 680 935 re,
715 858 752 920 ut
778 856 881 922 obiter
906 855 1027 935 dicam,
1066 877 1136 920 meo
1159 855 1287 940 quidem

241 977 361 1063 judicio
394 976 492 1041 nimis
525 977 633 1042 celeris
668 975 856 1060 propagatio
890 974 1053 1040 doctrinae
1087 973 1287 1039 Christianae

243 1096 339 1162 etiam
369 1094 521 1161 facillime
544 1095 736 1180 explicatur;
763 1117 799 1158 ea
822 1095 908 1158 enim
931 1097 964 1158 ot
993 1093 1077 1178 quod
1100 1093 1140 1158 ad
1162 1097 1287 1178 partem

243 1216 395 1280 moralem
420 1214 539 1278 attinet
561 1214 679 1299 partim
710 1213 822 1278 saltem
841 1235 926 1277 nora
942 1215 1110 1297 praecepta
1127 1216 1287 1295 εἰσήγαγεν

245 1341 286 1412 εἷς
299 1341 356 1403 τὸν
372 1337 444 1424 βίον
465 1338 497 1399 et
516 1335 631 1420 dogma
650 1333 744 1418 plene
764 1354 884 1397 novum
904 1335 936 1396 et
951 1331 1132 1396 inauditum
1150 1332 1289 1415 profere-

244 1458 307 1525 bat.
331 1457 450 1522 Omnes
467 1457 567 1542 igitur
589 1456 724 1520 morales
746 1455 949 1540 philosophos
973 1459 1004 1519 et
1027 1455 1290 1520 doctoresseesse

242 1576 486 1660 profitebantur,
509 1578 606 1660 prout
628 1575 779 1660 cuiusque
805 1577 886 1640 esset
908 1574 1075 1659 ingenium
1097 1577 1153 1638 aut
1169 1573 1290 1638 indoles

240 1695 421 1781 gravissimi
450 1695 632 1781 philosophi
663 1699 719 1760 aut
751 1694 888 1780 Satyrici
919 1698 1029 1776 erant,
1052 1697 1089 1758 ut
1111 1693 1291 1772 Lucienus,

227 1789 417 1892 {uenalis
442 1813 621 1878 Petronius.
646 1812 772 1878 Persius
795 1813 888 1898 quasi
911 1813 1049 1878 medium
1066 1813 1196 1877 tenebat
1207 1813 1291 1877 inter

241 1936 428 2016 utrumque,
448 1932 564 1997 dixeris
584 1933 676 1996 illum
696 1933 922 2018 philosophum
942 1934 1027 1998 inter
1047 1933 1216 2018 satyricos,
1240 1933 1291 1998 vel

241 2052 413 2135 satyricum
432 2051 516 2116 inter
538 2052 761 2136 philosophos,
786 2074 849 2138 quo
869 2056 906 2118 ut
927 2054 974 2118 ita
997 2054 1100 2118 dicam
1118 2054 1291 2139 ἐνδοιασμῷ

241 2171 335 2254 plene
347 2170 498 2235 obscurus
511 2170 620 2235 evasit.
638 2169 853 2257 Philosophus
869 2174 976 2235 autem
991 2170 1119 2235 moralis
1132 2171 1186 2253 (sit
1198 2171 1291 2235 venia

241 2289 394 2355 locutioni
407 2313 521 2375 parum
543 2289 676 2376 latinae)
701 2293 733 2354 et
756 2291 916 2376 satyricus
939 2313 1039 2355 unum
1061 2290 1208 2375 idemque
1231 2289 1292 2354 sibi

241 2409 361 2474 habent
379 2409 595 2495 propositum,
615 2409 669 2473 ille
688 2413 797 2474 eutem
815 2411 856 2475 ab
868 2411 957 2474 ornni
969 2413 1060 2496 parte
1072 2415 1119 2474 cst
1130 2409 1291 2494 superior,

244 2527 328 2612 quod
350 2528 516 2593 aedificare
540 2531 582 2592 et¹
595 2532 756 2593 exstruere
779 2532 885 2613 potest
908 2553 1027 2594 norum
1051 2529 1230 2594 aedificium
1256 2530 1291 2592 in

233 2645 345 2716 ,ruinis
365 2668 443 2730 quas
463 2647 618 2730 satyricus
634 2647 789 2711 effecerat.
811 2647 954 2733 Uterque
977 2652 1085 2714 autem
1104 2652 1229 2714 creatur
1251 2649 1291 2712 ab

243 2786 308 2846 una
339 2765 510 2850 eademque
542 2766 702 2850 decrepita
733 2771 765 2831 et
802 2769 945 2832 obsoleta
980 2772 1083 2833 aetate
1114 2773 1146 2832 et
1176 2767 1292 2832 frustra

243 2903 381 2949 recreare
404 2904 518 2968 eorpus
542 2883 731 2949 semivivum
756 2886 871 2950 studet.

290 3000 351 3066 Sed
378 3002 448 3086 jam
478 3006 604 3087 tempus
635 3007 682 3068 est
706 3003 807 3068 redire
839 3004 879 3068 ad
910 3005 1015 3089 ipsum
1050 2971 1227 3069 Lucienum
1261 3010 1293 3070 et

242 3119 400 3204 judicium
434 3121 518 3204 quod
553 3121 630 3186 tulit
660 3122 698 3185 de
725 3121 940 3206 philosophis,
966 3121 1146 3186 rhetoribus
1170 3126 1202 3186 et
1224 3127 1293 3188 tota

246 3238 382 3323 denique
405 3239 583 3305 eruditione
606 3245 638 3305 et
662 3239 808 3306 doctrina
832 3263 906 3306 suae
930 3241 1055 3306 aetatis.

290 3357 330 3423 In
352 3359 412 3423 hac
426 3363 517 3443 parte
531 3361 656 3445 saepius
673 3365 815 3426 occurret
831 3362 1021 3427 vocabulum
1038 3371 1181 3444 σοφιστής
1196 3385 1294 3447 quare

247 3499 381 3562 aequum
413 3500 479 3543 esse
511 3479 626 3564 opinor
655 3484 693 3544 ut
722 3484 896 3565 antequam
923 3480 1057 3545 Lucisni
1077 3480 1232 3565 judicium
1255 3481 1293 3546 de

247 3595 443 3680 philosophis
450 3600 547 3682 atque
559 3598 739 3662 rhetoribus
748 3598 937 3683 singillatim
946 3621 1102 3684 exponere
1110 3601 1293 3686 aggredior,

247 3735 349 3798 pauca
368 3713 471 3778 dicam
492 3715 530 3779 de
550 3715 589 3780 iis
608 3715 664 3800 qui
680 3716 809 3780 nomine
833 3715 1046 3800 sophistarum
1067 3716 1292 3803 designantur,

248 3840 292 3920 τῷ
324 3842 502 3920 σεμνοτάτῳ
534 3844 634 3923 τούτῳ
663 3840 715 3901 καὶ
744 3838 891 3924 παντίμῳ
914 3837 1057 3920 ὀνόματι,
1082 3842 1118 3902 ut
1136 3837 1295 3902 Lucienus

248 3953 417 4037 ipsedixit.
441 3953 465 4041 1)
491 3955 633 4020 Primum
654 3957 692 4021 de
712 3979 748 4022 ea
767 3979 801 4022 re
821 3957 1025 4021 disserentem
1043 3957 1210 4022 audiamus
1222 3979 1294 4022 eum

295 4216 319 4286 1)
341 4211 423 4271 Rhet.
448 4233 537 4290 praee.
569 4215 600 4275 C.
636 4219 661 4275 l.
687 4217 729 4277 ef.
763 4218 818 4277 An.
850 4218 990 4278 Nrcornl.
1018 4218 1096 4280 Uber
1117 4219 1296 4297 Entstehung
