3372 5180
882 557 927 624 ·2

396 779 555 864 Trajanus
592 778 719 863 imperii
756 778 908 842 terminos
946 777 1152 862 aliquantum
1185 783 1435 864 propagaverat,

397 920 433 963 eo
465 903 572 962 autem
602 898 637 963 in
668 898 797 962 deorum
828 919 997 962 numerum
1028 899 1128 963 relato
1162 899 1247 964 orbis
1281 905 1437 964 terrarum

398 1018 594 1102 perdomitus
618 1040 788 1101 parumper
810 1019 1000 1105 impugnare
1023 1023 1055 1084 et
1078 1020 1229 1083 rebellare
1253 1020 1342 1104 quasi
1358 1001 1437 1083 'des-

397 1137 481 1212 titit‚
506 1142 542 1200 ut
557 1137 592 1199 in
609 1136 712 1219 capite
729 1158 853 1214 rerum,
872 1142 1038 1222 tamqnam
1053 1138 1089 1201 in
1104 1161 1215 1218 scena,
1240 1162 1303 1224 quo
1327 1144 1438 1225 gentes

397 1254 562 1320 universae
586 1254 792 1331 confluerent,
812 1258 970 1319 certamen
989 1256 1169 1320 animorum
1182 1257 1296 1341 ingens
1316 1262 1438 1340 specta-

397 1379 487 1451 rent,
519 1395 581 1457 qua
612 1395 649 1438 ex
678 1373 834 1457 palaestra
865 1371 1046 1438 Christiana
1072 1375 1217 1438 doctrina
1240 1375 1341 1460 specie
1363 1397 1439 1438 sane

398 1494 518 1577 primas
543 1498 649 1578 partes
675 1493 920 1579 haudquaquam
945 1516 1058 1580 agens,
1084 1495 1199 1559 victrix
1222 1494 1371 1560 discessit.
1400 1495 1439 1558 In

400 1634 437 1676 ea
460 1634 552 1676 scena
574 1612 708 1696 inquam
728 1613 864 1696 jamjam
887 1613 1004 1677 bellum
1028 1619 1215 1697 erupturum
1238 1619 1323 1690 erat,
1355 1615 1440 1699 quod

399 1735 560 1816 gereretur
572 1732 612 1795 ad
628 1731 879 1796 internecionem
890 1755 989 1816 usque
1000 1733 1085 1797 iuter
1097 1729 1245 1817 antiquas
1257 1733 1439 1817 opiniones,

400 1851 438 1915 de
467 1850 617 1915 humanis
648 1850 825 1934 divinisque
855 1853 967 1930 rebus,
998 1852 1221 1936 antiquitatem
1247 1853 1382 1937 denique
1409 1857 1441 1916 et

407 1991 577 2054 «maguum
593 1969 633 2032 ab
641 1969 775 2053 integro
790 1969 965 2034 saeclorum
981 1973 1163 2034 nascentem
1179 1969 1338 2034 ordinem»
1356 1970 1440 2054 quod
1461 1989 1462 1992 ’

401 2089 614 2173 spectaculum
643 2088 811 2164 edebatur,
853 2092 890 2152 ut
921 2087 1025 2152 Taciti
1055 2088 1159 2153 verbis
1189 2094 1262 2153 utar
1296 2089 1354 2152 «in
1385 2087 1440 2151 illa

344 2241 347 2246 ·
401 2230 472 2272 rara
495 2211 674 2290 temporum
698 2206 864 2282 felicitate,
888 2206 944 2270 ubi
967 2206 1085 2270 sentire
1100 2228 1181 2290 quae
1197 2208 1286 2284 velis,
1314 2192 1441 2291 atquae

404 2327 523 2391 sentias
563 2326 665 2390 dicere
695 2326 791 2389 licet»
826 2348 922 2390 ‹curn
947 2326 1168 2390 semianimum
1184 2327 1351 2391 lacerasset
1372 2326 1444 2390 Fla·

402 2446 473 2510 vius
495 2445 622 2521 orbem,
646 2445 816 2508 ultimus».

447 2566 559 2651 Neque
580 2569 690 2629 tamen
713 2565 798 2628 illius
822 2563 1004 2628 certaminis
1030 2563 1177 2628 fiammae
1205 2567 1299 2649 atque
1322 2563 1443 2628 ardoris

403 2685 577 2770 quidquam
625 2683 650 2747 ii
691 2683 942 2746 animadvertere
973 2686 1005 2746 et
1034 2681 1151 2745 sentire
1184 2685 1348 2765 poterant,
1388 2682 1443 2765 qui
1528 2703 1530 2708 ·

403 2808 445 2868 ut
471 2803 585 2888 vulgus
615 2803 783 2866 hominum
808 2802 939 2877 assolet,
970 2822 1037 2864 non
1059 2799 1122 2864 nisi
1145 2800 1354 2865 dormitantes
1375 2822 1443 2876 res,

404 2944 486 3007 quae
497 2922 616 2986 circum
632 2944 664 2986 se
679 2926 852 3007 geruntur,
868 2923 1021 3004 spectent.
1039 2918 1310 2994 Quemadmodum
1326 2940 1444 3003 aequor

404 3041 459 3106 ubi
481 3064 641 3106 summum
664 3041 819 3124 adspicias
841 3062 932 3123 saepe
951 3039 1109 3104 levissima
1125 3061 1202 3103 aura
1217 3039 1444 3124 perstringitur

408 3161 496 3225 «imo
519 3165 643 3238 autem,
667 3166 704 3224 ut
720 3166 767 3224 est
783 3161 867 3244 apud
879 3158 1078 3244 Vergilium,
1095 3158 1216 3222 Nereus
1231 3158 1292 3221 ciet
1307 3177 1444 3241 aequora

403 3281 542 3363 fundo»,
585 3281 638 3344 sic*
664 3302 701 3344 ea
735 3283 839 3344 aetate
868 3280 949 3343 mira
981 3277 1134 3343 serenitas
1169 3280 1201 3340 et
1229 3275 1445 3360 tranquillitas

404 3399 543 3476 exstitit,
560 3397 659 3462 immo
672 3405 709 3461 ut
723 3398 769 3462 ita
785 3398 898 3474 dicam,
916 3418 1042 3481 quoquo
1059 3397 1165 3461 oculos
1182 3399 1294 3472 vertas,
1306 3394 1446 3480 ingeniis

405 3518 561 3602 plerisque
595 3519 689 3602 plane
723 3517 830 3581 deerat
860 3515 1039 3591 subtilitas,
1078 3514 1321 3598 animorumque
1354 3512 1446 3598 vigor·

406 3639 537 3703 obtusus
568 3659 633 3702 esse
663 3637 840 3701 videbatur.
864 3634 951 3710 Quae
973 3635 1041 3719 ipsa
1064 3633 1247 3718 planissime
1270 3634 1447 3718 arguebant

407 3756 555 3839 spiritum
576 3777 680 3820 meare
696 3754 862 3839 angustius
878 3756 910 3817 et
925 3775 992 3817 non
1008 3752 1070 3816 nisi
1087 3773 1179 3837 aegre
1196 3755 1292 3836 atque
1308 3751 1448 3836 graviter

408 3897 425 3939 e
455 3879 580 3958 pectore
607 3873 741 3957 jamjam
772 3872 944 3936 moriturae
967 3871 1109 3935 evadere.
1150 3869 1211 3935 Ubi
1233 3891 1306 3934 vere
1328 3867 1448 3933 Graeco

407 3992 524 4076 populo
556 3993 699 4076 ἐξίτηλον
731 3988 809 4074 αἷμα
841 3992 998 4074 δαιμόνων
1022 3994 1053 4053 et
1076 3989 1132 4053 ubi
1155 3989 1316 4072 praeclaro
1340 3988 1448 4052 Attico

407 4137 552 4180 sermone
567 4112 695 4199 pessimi
712 4112 879 4196 scriptores
894 4111 984 4175 abusi
1001 4115 1093 4188 sunt,
1118 4112 1245 4196 elegans
1258 4111 1448 4175 Graecorum

408 4234 574 4326 ingenium
605 4232 797 4297 exstinctum
828 4251 894 4297 esse
916 4230 1093 4296 videbatur.
1120 4230 1223 4294 Erant
1250 4253 1326 4296 sane
1347 4228 1448 4308 =etiam
