<?xml version="1.0" encoding="UTF-8"?>
<!DOCTYPE html PUBLIC "-//W3C//DTD XHTML 1.0 Transitional//EN"
    "http://www.w3.org/TR/xhtml1/DTD/xhtml1-transitional.dtd">
<html xmlns="http://www.w3.org/1999/xhtml" xml:lang="en" lang="en">
 <head>
  <title>
</title>
<meta http-equiv="Content-Type" content="text/html;charset=utf-8" />
  <meta name='ocr-system' content='tesseract 3.04.00' />
  <meta name='ocr-capabilities' content='ocr_page ocr_carea ocr_par ocr_line ocrx_word'/>
</head>
<body>
  <div class='ocr_page' id='page_1' title='image "./delucianoaequal00marggoog/delucianoaequal00marggoog_0098.png"; bbox 0 0 3408 5180; ppageno 0'>
   <div class='ocr_carea' id='block_1_1' title="bbox 764 565 803 627">
    <p class='ocr_par' dir='ltr' id='par_1_1' title="bbox 764 565 803 627">
     <span class='ocr_line' id='line_1_1' title="bbox 764 565 803 627; baseline -0.026 0"><span class='ocrx_word' id='word_1_1' title='bbox 764 565 803 627; x_wconf 90' lang='lat'>81</span> 
     </span>
    </p>
   </div>
   <div class='ocr_carea' id='block_1_2' title="bbox 259 777 1301 1205">
    <p class='ocr_par' dir='ltr' id='par_1_2' title="bbox 259 777 1301 1205">
     <span class='ocr_line' id='line_1_2' title="bbox 259 777 1300 866; baseline 0.002 -24"><span class='ocrx_word' id='word_1_2' title='bbox 259 777 399 854; x_wconf 84' lang='lat' dir='ltr'>Quorum</span> <span class='ocrx_word' id='word_1_3' title='bbox 422 784 668 866; x_wconf 74' lang='lat' dir='ltr'>nutarentque</span> <span class='ocrx_word' id='word_1_4' title='bbox 701 780 823 845; x_wconf 84' lang='lat' dir='ltr'>indoles</span> <span class='ocrx_word' id='word_1_5' title='bbox 853 779 929 864; x_wconf 87' lang='lat' dir='ltr'>quid</span> <span class='ocrx_word' id='word_1_6' title='bbox 953 780 1107 865; x_wconf 79' lang='lat' dir='ltr'>estquod</span> <span class='ocrx_word' id='word_1_7' title='bbox 1130 780 1300 857; x_wconf 85' lang='lat' dir='ltr'>miremur,</span> 
     </span>
     <span class='ocr_line' id='line_1_3' title="bbox 259 899 1301 978; baseline 0.001 -15"><span class='ocrx_word' id='word_1_8' title='bbox 259 899 285 964; x_wconf 93' lang='lat' dir='ltr'>si</span> <span class='ocrx_word' id='word_1_9' title='bbox 308 901 389 965; x_wconf 82' lang='lat' dir='ltr'>mele</span> <span class='ocrx_word' id='word_1_10' title='bbox 419 905 476 967; x_wconf 75' lang='lat' dir='ltr'>out</span> <span class='ocrx_word' id='word_1_11' title='bbox 506 901 637 966; x_wconf 90' lang='lat' dir='ltr'>omnino</span> <span class='ocrx_word' id='word_1_12' title='bbox 667 923 735 965; x_wconf 90' lang='lat' dir='ltr'>non</span> <span class='ocrx_word' id='word_1_13' title='bbox 758 900 919 965; x_wconf 74' lang='lat' dir='ltr'>intellectu</span> <span class='ocrx_word' id='word_1_14' title='bbox 950 901 992 966; x_wconf 81' lang='lat' dir='ltr'>sit</span> <span class='ocrx_word' id='word_1_15' title='bbox 1023 901 1064 964; x_wconf 83' lang='lat' dir='ltr'>ab</span> <span class='ocrx_word' id='word_1_16' title='bbox 1095 901 1301 978; x_wconf 73' lang='lat' dir='ltr'>eonomine,</span> 
     </span>
     <span class='ocr_line' id='line_1_4' title="bbox 259 1018 1298 1105; baseline 0.001 -23"><span class='ocrx_word' id='word_1_17' title='bbox 259 1018 310 1102; x_wconf 81' lang='lat' dir='ltr'>cui</span> <span class='ocrx_word' id='word_1_18' title='bbox 332 1019 435 1084; x_wconf 86' lang='lat' dir='ltr'>omnis</span> <span class='ocrx_word' id='word_1_19' title='bbox 458 1020 522 1084; x_wconf 84' lang='lat' dir='ltr'>fere</span> <span class='ocrx_word' id='word_1_20' title='bbox 545 1020 747 1105; x_wconf 85' lang='lat' dir='ltr'><strong>philosophia</strong></span> <span class='ocrx_word' id='word_1_21' title='bbox 770 1023 851 1084; x_wconf 75' lang='lat' dir='ltr'>esset</span> <span class='ocrx_word' id='word_1_22' title='bbox 882 1019 998 1084; x_wconf 89' lang='lat' dir='ltr'>derisui</span> <span class='ocrx_word' id='word_1_23' title='bbox 1021 1020 1150 1105; x_wconf 86' lang='lat' dir='ltr'>eiusque</span> <span class='ocrx_word' id='word_1_24' title='bbox 1173 1042 1298 1086; x_wconf 83' lang='lat' dir='ltr'>summa</span> 
     </span>
     <span class='ocr_line' id='line_1_5' title="bbox 259 1137 933 1205; baseline 0.003 -5"><span class='ocrx_word' id='word_1_25' title='bbox 259 1137 358 1202; x_wconf 85' lang='lat' dir='ltr'>inesse</span> <span class='ocrx_word' id='word_1_26' title='bbox 381 1137 541 1205; x_wconf 74' lang='lat' dir='ltr'>videretur</span> <span class='ocrx_word' id='word_1_27' title='bbox 563 1140 598 1203; x_wconf 92' lang='lat' dir='ltr'>in</span> <span class='ocrx_word' id='word_1_28' title='bbox 622 1143 832 1205; x_wconf 74' lang='lat' dir='ltr'>anacreonico</span> <span class='ocrx_word' id='word_1_29' title='bbox 855 1139 933 1204; x_wconf 85' lang='lat' dir='ltr'>illo:</span> 
     </span>
    </p>
   </div>
   <div class='ocr_carea' id='block_1_3' title="bbox 514 1305 1037 1516">
    <p class='ocr_par' dir='ltr' id='par_1_3' title="bbox 514 1305 1037 1516">
     <span class='ocr_line' id='line_1_6' title="bbox 514 1305 968 1393; baseline 0 -21"><span class='ocrx_word' id='word_1_30' title='bbox 514 1363 518 1372; x_wconf 89' lang='lat'><em>.</em></span> <span class='ocrx_word' id='word_1_31' title='bbox 595 1307 631 1372; x_wconf 84' lang='grc' dir='ltr'>τὸ</span> <span class='ocrx_word' id='word_1_32' title='bbox 655 1316 785 1393; x_wconf 75' lang='grc' dir='ltr'><em>σήμερον</em></span> <span class='ocrx_word' id='word_1_33' title='bbox 808 1305 893 1390; x_wconf 76' lang='grc' dir='ltr'><strong><em>μέλει</em></strong></span> <span class='ocrx_word' id='word_1_34' title='bbox 916 1334 968 1390; x_wconf 88' lang='grc' dir='ltr'>μοι</span> 
     </span>
     <span class='ocr_line' id='line_1_7' title="bbox 588 1425 1037 1516; baseline 0.009 -25"><span class='ocrx_word' id='word_1_35' title='bbox 588 1427 624 1492; x_wconf 83' lang='grc' dir='ltr'>τὸ</span> <span class='ocrx_word' id='word_1_36' title='bbox 649 1428 673 1494; x_wconf 80' lang='grc' dir='ltr'>δ’</span> <span class='ocrx_word' id='word_1_37' title='bbox 697 1433 805 1514; x_wconf 71' lang='grc' dir='ltr'><strong><em>αῦριοιι</em></strong></span> <span class='ocrx_word' id='word_1_38' title='bbox 829 1429 876 1503; x_wconf 78' lang='grc' dir='ltr'>τίς</span> <span class='ocrx_word' id='word_1_39' title='bbox 899 1425 997 1509; x_wconf 50' lang='grc' dir='ltr'><strong><em>οἶδας·</em></strong></span> <span class='ocrx_word' id='word_1_40' title='bbox 1013 1429 1037 1516; x_wconf 89' lang='lat'>¹)</span> 
     </span>
    </p>
   </div>
   <div class='ocr_carea' id='block_1_4' title="bbox 210 1595 1302 2878">
    <p class='ocr_par' dir='ltr' id='par_1_4' title="bbox 210 1595 1302 2878">
     <span class='ocr_line' id='line_1_8' title="bbox 303 1595 1301 1682; baseline 0.004 -23"><span class='ocrx_word' id='word_1_41' title='bbox 303 1595 488 1661; x_wconf 84' lang='lat' dir='ltr'>Audiendus</span> <span class='ocrx_word' id='word_1_42' title='bbox 522 1596 622 1682; x_wconf 75' lang='lat' dir='ltr'>igiiur</span> <span class='ocrx_word' id='word_1_43' title='bbox 655 1601 703 1661; x_wconf 81' lang='lat' dir='ltr'>est</span> <span class='ocrx_word' id='word_1_44' title='bbox 739 1597 766 1662; x_wconf 88' lang='lat' dir='ltr'>si</span> <span class='ocrx_word' id='word_1_45' title='bbox 798 1618 986 1682; x_wconf 81' lang='lat' dir='ltr'>cognoscere</span> <span class='ocrx_word' id='word_1_46' title='bbox 1017 1599 1162 1663; x_wconf 83' lang='lat' dir='ltr'>volumus</span> <span class='ocrx_word' id='word_1_47' title='bbox 1185 1598 1301 1682; x_wconf 83' lang='lat' dir='ltr'>quibus</span> 
     </span>
     <span class='ocr_line' id='line_1_9' title="bbox 258 1713 1300 1801; baseline 0 -22"><span class='ocrx_word' id='word_1_48' title='bbox 258 1715 344 1780; x_wconf 80' lang='lat' dir='ltr'>vitiis</span> <span class='ocrx_word' id='word_1_49' title='bbox 367 1713 479 1800; x_wconf 82' lang='lat' dir='ltr'>Cynici</span> <span class='ocrx_word' id='word_1_50' title='bbox 500 1715 618 1779; x_wconf 75' lang='lat' dir='ltr'>imbuii</span> <span class='ocrx_word' id='word_1_51' title='bbox 648 1719 770 1796; x_wconf 76' lang='lat' dir='ltr'>essent,</span> <span class='ocrx_word' id='word_1_52' title='bbox 794 1719 850 1780; x_wconf 81' lang='lat' dir='ltr'>out</span> <span class='ocrx_word' id='word_1_53' title='bbox 872 1715 899 1779; x_wconf 88' lang='lat' dir='ltr'>si</span> <span class='ocrx_word' id='word_1_54' title='bbox 928 1716 984 1779; x_wconf 90' lang='lat' dir='ltr'>din</span> <span class='ocrx_word' id='word_1_55' title='bbox 1006 1716 1206 1801; x_wconf 76' lang='lat' dir='ltr'>multumque</span> <span class='ocrx_word' id='word_1_56' title='bbox 1229 1737 1300 1784; x_wconf 80' lang='lat' dir='ltr'>ver·</span> 
     </span>
     <span class='ocr_line' id='line_1_10' title="bbox 210 1833 1300 1920; baseline 0.001 -22"><span class='ocrx_word' id='word_1_57' title='bbox 210 1887 215 1908; x_wconf 85' lang='grc'><em>,</em></span> <span class='ocrx_word' id='word_1_58' title='bbox 258 1835 318 1898; x_wconf 74' lang='lat' dir='ltr'>sati</span> <span class='ocrx_word' id='word_1_59' title='bbox 341 1834 376 1896; x_wconf 88' lang='lat' dir='ltr'>in</span> <span class='ocrx_word' id='word_1_60' title='bbox 399 1834 551 1919; x_wconf 73' lang='lat' dir='ltr'>scriptore</span> <span class='ocrx_word' id='word_1_61' title='bbox 574 1834 629 1920; x_wconf 87' lang='lat' dir='ltr'>qui</span> <span class='ocrx_word' id='word_1_62' title='bbox 642 1833 1056 1920; x_wconf 77' lang='lat' dir='ltr'>Cynicossupraquamfas</span> <span class='ocrx_word' id='word_1_63' title='bbox 1071 1839 1242 1920; x_wconf 77' lang='lat' dir='ltr'>esicugei,</span> <span class='ocrx_word' id='word_1_64' title='bbox 1268 1841 1300 1900; x_wconf 71' lang='lat' dir='ltr'>ei</span> 
     </span>
     <span class='ocr_line' id='line_1_11' title="bbox 258 1949 1300 2041; baseline 0.001 -24"><span class='ocrx_word' id='word_1_65' title='bbox 258 1954 391 2018; x_wconf 76' lang='lat' dir='ltr'>alierum</span> <span class='ocrx_word' id='word_1_66' title='bbox 421 1958 546 2039; x_wconf 80' lang='lat' dir='ltr'>purtem</span> <span class='ocrx_word' id='word_1_67' title='bbox 577 1954 686 2018; x_wconf 81' lang='lat' dir='ltr'>audire</span> <span class='ocrx_word' id='word_1_68' title='bbox 715 1955 879 2031; x_wconf 81' lang='lat' dir='ltr'>volumus,</span> <span class='ocrx_word' id='word_1_69' title='bbox 915 1949 1013 2039; x_wconf 86' lang='lat' dir='ltr'>quum</span> <span class='ocrx_word' id='word_1_70' title='bbox 1037 1954 1224 2041; x_wconf 78' lang='lat' dir='ltr'>praesertim</span> <span class='ocrx_word' id='word_1_71' title='bbox 1247 1953 1300 2018; x_wconf 91' lang='lat' dir='ltr'>hic</span> 
     </span>
     <span class='ocr_line' id='line_1_12' title="bbox 258 2071 1300 2159; baseline 0.001 -23"><span class='ocrx_word' id='word_1_72' title='bbox 258 2072 339 2136; x_wconf 80' lang='lat' dir='ltr'>volet</span> <span class='ocrx_word' id='word_1_73' title='bbox 361 2073 445 2157; x_wconf 90' lang='lat' dir='ltr'>qnod</span> <span class='ocrx_word' id='word_1_74' title='bbox 481 2073 521 2140; x_wconf 84' lang='lat' dir='ltr'>ob</span> <span class='ocrx_word' id='word_1_75' title='bbox 555 2071 649 2136; x_wconf 76' lang='lat' dir='ltr'>initio</span> <span class='ocrx_word' id='word_1_76' title='bbox 672 2072 810 2138; x_wconf 86' lang='lat' dir='ltr'>diximus</span> <span class='ocrx_word' id='word_1_77' title='bbox 845 2074 929 2158; x_wconf 81' lang='lat' dir='ltr'>opud</span> <span class='ocrx_word' id='word_1_78' title='bbox 957 2074 1048 2139; x_wconf 89' lang='lat' dir='ltr'>illum</span> <span class='ocrx_word' id='word_1_79' title='bbox 1082 2095 1148 2139; x_wconf 92' lang='lat' dir='ltr'>non</span> <span class='ocrx_word' id='word_1_80' title='bbox 1181 2073 1300 2159; x_wconf 70' lang='lat' dir='ltr'>placita</span> 
     </span>
     <span class='ocr_line' id='line_1_13' title="bbox 257 2191 1300 2278; baseline 0.004 -24"><span class='ocrx_word' id='word_1_81' title='bbox 257 2191 337 2256; x_wconf 88' lang='lat' dir='ltr'>alins</span> <span class='ocrx_word' id='word_1_82' title='bbox 356 2195 457 2256; x_wconf 80' lang='lat' dir='ltr'>sectae</span> <span class='ocrx_word' id='word_1_83' title='bbox 473 2192 524 2257; x_wconf 84' lang='lat' dir='ltr'>vel</span> <span class='ocrx_word' id='word_1_84' title='bbox 535 2191 698 2256; x_wconf 81' lang='lat' dir='ltr'>doo’orinoe</span> <span class='ocrx_word' id='word_1_85' title='bbox 713 2192 768 2256; x_wconf 84' lang='lat' dir='ltr'>olii</span> <span class='ocrx_word' id='word_1_86' title='bbox 784 2193 919 2278; x_wconf 85' lang='lat' dir='ltr'>opponi,</span> <span class='ocrx_word' id='word_1_87' title='bbox 936 2216 1065 2272; x_wconf 86' lang='lat' dir='ltr'>verum,</span> <span class='ocrx_word' id='word_1_88' title='bbox 1081 2193 1155 2258; x_wconf 75' lang='lat' dir='ltr'>licei</span> <span class='ocrx_word' id='word_1_89' title='bbox 1171 2193 1300 2258; x_wconf 90' lang='lat' dir='ltr'>modum</span> 
     </span>
     <span class='ocr_line' id='line_1_14' title="bbox 257 2311 1300 2398; baseline 0 -23"><span class='ocrx_word' id='word_1_90' title='bbox 257 2312 404 2398; x_wconf 74' lang='lat' dir='ltr'>excedat,</span> <span class='ocrx_word' id='word_1_91' title='bbox 422 2311 590 2377; x_wconf 72' lang='lat' dir='ltr'>arbitrium</span> <span class='ocrx_word' id='word_1_92' title='bbox 603 2335 644 2376; x_wconf 81' lang='lat' dir='ltr'>en</span> <span class='ocrx_word' id='word_1_93' title='bbox 657 2333 748 2394; x_wconf 81' lang='lat' dir='ltr'>vern,</span> <span class='ocrx_word' id='word_1_94' title='bbox 761 2335 803 2376; x_wconf 80' lang='lat' dir='ltr'>un</span> <span class='ocrx_word' id='word_1_95' title='bbox 815 2335 881 2376; x_wconf 93' lang='lat' dir='ltr'>non</span> <span class='ocrx_word' id='word_1_96' title='bbox 894 2313 960 2377; x_wconf 78' lang='lat' dir='ltr'>sint</span> <span class='ocrx_word' id='word_1_97' title='bbox 971 2334 1052 2397; x_wconf 86' lang='lat' dir='ltr'>quac</span> <span class='ocrx_word' id='word_1_98' title='bbox 1065 2311 1204 2397; x_wconf 79' lang='lat' dir='ltr'>proferat</span> <span class='ocrx_word' id='word_1_99' title='bbox 1216 2312 1300 2397; x_wconf 83' lang='lat' dir='ltr'>apud</span> 
     </span>
     <span class='ocr_line' id='line_1_15' title="bbox 255 2429 1301 2517; baseline 0.004 -25"><span class='ocrx_word' id='word_1_100' title='bbox 255 2429 404 2495; x_wconf 72' lang='lat' dir='ltr'>leuiorem</span> <span class='ocrx_word' id='word_1_101' title='bbox 421 2431 471 2496; x_wconf 82' lang='lat' dir='ltr'>sii.</span> <span class='ocrx_word' id='word_1_102' title='bbox 490 2430 572 2507; x_wconf 82' lang='lat' dir='ltr'>Quid</span> <span class='ocrx_word' id='word_1_103' title='bbox 588 2453 654 2496; x_wconf 86' lang='lat' dir='ltr'>esse</span> <span class='ocrx_word' id='word_1_104' title='bbox 667 2431 760 2495; x_wconf 79' lang='lat' dir='ltr'>debet</span> <span class='ocrx_word' id='word_1_105' title='bbox 772 2431 809 2496; x_wconf 86' lang='lat' dir='ltr'>de</span> <span class='ocrx_word' id='word_1_106' title='bbox 822 2429 950 2516; x_wconf 75' lang='lat' dir='ltr'>Cynicis</span> <span class='ocrx_word' id='word_1_107' title='bbox 963 2432 1167 2497; x_wconf 74' lang='lat' dir='ltr'>statuendum</span> <span class='ocrx_word' id='word_1_108' title='bbox 1180 2432 1301 2517; x_wconf 76' lang='lat' dir='ltr'>optimc</span> 
     </span>
     <span class='ocr_line' id='line_1_16' title="bbox 258 2548 1301 2638; baseline 0.002 -25"><span class='ocrx_word' id='word_1_109' title='bbox 258 2548 307 2612; x_wconf 89' lang='lat' dir='ltr'>his</span> <span class='ocrx_word' id='word_1_110' title='bbox 337 2550 442 2615; x_wconf 80' lang='lat' dir='ltr'>verbis</span> <span class='ocrx_word' id='word_1_111' title='bbox 469 2550 604 2635; x_wconf 84' lang='lat' dir='ltr'>exprimi</span> <span class='ocrx_word' id='word_1_112' title='bbox 627 2573 717 2636; x_wconf 87' lang='lat' dir='ltr'>posse</span> <span class='ocrx_word' id='word_1_113' title='bbox 740 2572 867 2616; x_wconf 81' lang='lat' dir='ltr'>censeo:</span> <span class='ocrx_word' id='word_1_114' title='bbox 892 2549 1005 2636; x_wconf 83' lang='lat' dir='ltr'>Cynici</span> <span class='ocrx_word' id='word_1_115' title='bbox 1029 2556 1121 2617; x_wconf 73' lang='lat' dir='ltr'>erant</span> <span class='ocrx_word' id='word_1_116' title='bbox 1143 2551 1167 2618; x_wconf 90' lang='lat' dir='ltr'>ii</span> <span class='ocrx_word' id='word_1_117' title='bbox 1189 2551 1245 2638; x_wconf 91' lang='lat' dir='ltr'>qui</span> <span class='ocrx_word' id='word_1_118' title='bbox 1268 2551 1301 2616; x_wconf 90' lang='lat' dir='ltr'>id</span> 
     </span>
     <span class='ocr_line' id='line_1_17' title="bbox 259 2667 1301 2760; baseline 0.004 -30"><span class='ocrx_word' id='word_1_119' title='bbox 259 2667 418 2734; x_wconf 77' lang='lat' dir='ltr'>efficerent</span> <span class='ocrx_word' id='word_1_120' title='bbox 440 2671 525 2755; x_wconf 90' lang='lat' dir='ltr'>quod</span> <span class='ocrx_word' id='word_1_121' title='bbox 548 2670 707 2735; x_wconf 80' lang='lat' dir='ltr'>Lucienus</span> <span class='ocrx_word' id='word_1_122' title='bbox 723 2669 902 2735; x_wconf 74' lang='lat' dir='ltr'>Charonem</span> <span class='ocrx_word' id='word_1_123' title='bbox 918 2671 953 2735; x_wconf 92' lang='lat' dir='ltr'>in</span> <span class='ocrx_word' id='word_1_124' title='bbox 969 2671 1160 2760; x_wconf 82' lang='lat' dir='ltr'>cognomine</span> <span class='ocrx_word' id='word_1_125' title='bbox 1176 2671 1301 2755; x_wconf 84' lang='lat' dir='ltr'>dialogo</span> 
     </span>
     <span class='ocr_line' id='line_1_18' title="bbox 259 2791 1302 2878; baseline 0.004 -26"><span class='ocrx_word' id='word_1_126' title='bbox 259 2795 427 2855; x_wconf 76' lang='lat' dir='ltr'>conantem</span> <span class='ocrx_word' id='word_1_127' title='bbox 450 2794 507 2856; x_wconf 76' lang='lat' dir='ltr'>oui</span> <span class='ocrx_word' id='word_1_128' title='bbox 529 2792 641 2856; x_wconf 77' lang='lat' dir='ltr'>saltem</span> <span class='ocrx_word' id='word_1_129' title='bbox 665 2791 846 2875; x_wconf 73' lang='lat' dir='ltr'>cupicniem</span> <span class='ocrx_word' id='word_1_130' title='bbox 868 2792 1087 2878; x_wconf 77' lang='lat' dir='ltr'>fecerefingii‚</span> <span class='ocrx_word' id='word_1_131' title='bbox 1111 2814 1226 2878; x_wconf 87' lang='lat' dir='ltr'>nempe</span> <span class='ocrx_word' id='word_1_132' title='bbox 1245 2793 1302 2878; x_wconf 93' lang='lat' dir='ltr'>qui</span> 
     </span>
    </p>
   </div>
   <div class='ocr_carea' id='block_1_5' title="bbox 258 2895 1300 3001">
    <p class='ocr_par' dir='ltr' id='par_1_5' title="bbox 258 2895 1300 3001">
     <span class='ocr_line' id='line_1_19' title="bbox 258 2895 1300 3001; baseline 0.004 -28"><span class='ocrx_word' id='word_1_133' title='bbox 258 2908 401 2976; x_wconf 87' lang='lat' dir='ltr'>homines</span> <span class='ocrx_word' id='word_1_134' title='bbox 423 2910 650 2977; x_wconf 73' lang='lat' dir='ltr'>inclamarent:</span> <span class='ocrx_word' id='word_1_135' title='bbox 667 2911 692 2998; x_wconf 83' lang='lat'>²)</span> <span class='ocrx_word' id='word_1_136' title='bbox 717 2895 763 2976; x_wconf 65' lang='grc' dir='ltr'>ςΩ</span> <span class='ocrx_word' id='word_1_137' title='bbox 785 2921 924 2996; x_wconf 81' lang='grc' dir='ltr'><strong><em>μάταιοι,</em></strong></span> <span class='ocrx_word' id='word_1_138' title='bbox 951 2913 981 2977; x_wconf 83' lang='grc' dir='ltr'>τί</span> <span class='ocrx_word' id='word_1_139' title='bbox 1001 2914 1213 2982; x_wconf 76' lang='grc' dir='ltr'><strong><em>ἐσπουδάκατε</em></strong></span> <span class='ocrx_word' id='word_1_140' title='bbox 1231 2918 1300 3001; x_wconf 73' lang='grc' dir='ltr'>περὶ</span> 
     </span>
    </p>
   </div>
   <div class='ocr_carea' id='block_1_6' title="bbox 262 3161 444 3174">
    <p class='ocr_par' dir='ltr' id='par_1_6' title="bbox 262 3161 444 3174">
     <span class='ocr_line' id='line_1_20' title="bbox 262 3161 444 3174; baseline 0.016 -3"><span class='ocrx_word' id='word_1_141' title='bbox 262 3161 444 3174; x_wconf 51' lang='grc' dir='ltr'>...κ-</span> 
     </span>
    </p>
   </div>
   <div class='ocr_carea' id='block_1_7' title="bbox 258 3295 1301 3690">
    <p class='ocr_par' dir='ltr' id='par_1_7' title="bbox 258 3295 1301 3690">
     <span class='ocr_line' id='line_1_21' title="bbox 301 3295 1301 3379; baseline 0.004 -21"><span class='ocrx_word' id='word_1_142' title='bbox 301 3295 323 3374; x_wconf 83' lang='lat'>¹)</span> <span class='ocrx_word' id='word_1_143' title='bbox 346 3300 387 3360; x_wconf 82' lang='lat' dir='ltr'>Of.</span> <span class='ocrx_word' id='word_1_144' title='bbox 411 3299 569 3372; x_wconf 69' lang='lat' dir='ltr'>Burnum,</span> <span class='ocrx_word' id='word_1_145' title='bbox 599 3321 627 3378; x_wconf 90' lang='lat' dir='ltr'>p.</span> <span class='ocrx_word' id='word_1_146' title='bbox 651 3304 691 3360; x_wconf 77' lang='lat'>42</span> <span class='ocrx_word' id='word_1_147' title='bbox 715 3321 792 3379; x_wconf 64' lang='lat' dir='ltr'>sqq„</span> <span class='ocrx_word' id='word_1_148' title='bbox 817 3302 866 3358; x_wconf 82' lang='lat'>45.</span> <span class='ocrx_word' id='word_1_149' title='bbox 897 3301 967 3358; x_wconf 85' lang='lat' dir='ltr'>Mun</span> <span class='ocrx_word' id='word_1_150' title='bbox 990 3301 1071 3360; x_wconf 85' lang='lat' dir='ltr'>sucht</span> <span class='ocrx_word' id='word_1_151' title='bbox 1094 3303 1140 3360; x_wconf 89' lang='lat' dir='ltr'>bei</span> <span class='ocrx_word' id='word_1_152' title='bbox 1160 3303 1218 3362; x_wconf 90' lang='lat' dir='ltr'>ihm</span> <span class='ocrx_word' id='word_1_153' title='bbox 1242 3321 1301 3362; x_wconf 87' lang='lat' dir='ltr'>ver·</span> 
     </span>
     <span class='ocr_line' id='line_1_22' title="bbox 258 3404 1301 3484; baseline 0 -20"><span class='ocrx_word' id='word_1_154' title='bbox 258 3404 362 3482; x_wconf 75' lang='lat' dir='ltr'>gebeno</span> <span class='ocrx_word' id='word_1_155' title='bbox 384 3405 455 3464; x_wconf 82' lang='lat' dir='ltr'>noch</span> <span class='ocrx_word' id='word_1_156' title='bbox 477 3405 554 3464; x_wconf 88' lang='lat' dir='ltr'>einer</span> <span class='ocrx_word' id='word_1_157' title='bbox 576 3405 703 3484; x_wconf 88' lang='lat' dir='ltr'>Ahnung</span> <span class='ocrx_word' id='word_1_158' title='bbox 724 3406 773 3463; x_wconf 87' lang='lat' dir='ltr'>des</span> <span class='ocrx_word' id='word_1_159' title='bbox 792 3423 823 3462; x_wconf 86' lang='lat' dir='ltr'>so</span> <span class='ocrx_word' id='word_1_160' title='bbox 842 3405 913 3465; x_wconf 83' lang='lat' dir='ltr'>nahe</span> <span class='ocrx_word' id='word_1_161' title='bbox 932 3404 1173 3464; x_wconf 76' lang='lat' dir='ltr'>bevorsiehenden</span> <span class='ocrx_word' id='word_1_162' title='bbox 1190 3407 1301 3464; x_wconf 83' lang='lat' dir='ltr'>Zusam·</span> 
     </span>
     <span class='ocr_line' id='line_1_23' title="bbox 258 3508 1301 3580; baseline 0.002 -15"><span class='ocrx_word' id='word_1_163' title='bbox 258 3514 349 3566; x_wconf 80' lang='lat' dir='ltr'>menet</span> <span class='ocrx_word' id='word_1_164' title='bbox 350 3514 443 3580; x_wconf 77' lang='lat' dir='ltr'>umes,</span> <span class='ocrx_word' id='word_1_165' title='bbox 476 3508 576 3567; x_wconf 84' lang='lat' dir='ltr'>dessen</span> <span class='ocrx_word' id='word_1_166' title='bbox 606 3510 750 3568; x_wconf 88' lang='lat' dir='ltr'>drohende</span> <span class='ocrx_word' id='word_1_167' title='bbox 784 3509 955 3569; x_wconf 81' lang='lat' dir='ltr'>Vomeiohcn</span> <span class='ocrx_word' id='word_1_168' title='bbox 990 3509 1077 3567; x_wconf 85' lang='lat' dir='ltr'>sehon</span> <span class='ocrx_word' id='word_1_169' title='bbox 1099 3510 1163 3568; x_wconf 87' lang='lat' dir='ltr'>dem</span> <span class='ocrx_word' id='word_1_170' title='bbox 1186 3510 1301 3568; x_wconf 80' lang='lat' dir='ltr'>tiefcren</span> 
     </span>
     <span class='ocr_line' id='line_1_24' title="bbox 258 3609 981 3690; baseline 0.004 -23"><span class='ocrx_word' id='word_1_171' title='bbox 258 3609 339 3669; x_wconf 86' lang='lat' dir='ltr'>Bliok</span> <span class='ocrx_word' id='word_1_172' title='bbox 362 3612 438 3670; x_wconf 82' lang='lat' dir='ltr'>eines</span> <span class='ocrx_word' id='word_1_173' title='bbox 460 3611 539 3670; x_wconf 81' lang='lat' dir='ltr'>Tacit</span> <span class='ocrx_word' id='word_1_174' title='bbox 528 3619 574 3671; x_wconf 81' lang='lat' dir='ltr'>tus</span> <span class='ocrx_word' id='word_1_175' title='bbox 595 3614 674 3670; x_wconf 73' lang='lat' dir='ltr'>nicht</span> <span class='ocrx_word' id='word_1_176' title='bbox 662 3618 730 3671; x_wconf 73' lang='lat' dir='ltr'>ten</span> <span class='ocrx_word' id='word_1_177' title='bbox 732 3619 855 3690; x_wconf 76' lang='lat' dir='ltr'>igaugen</span> <span class='ocrx_word' id='word_1_178' title='bbox 878 3632 981 3674; x_wconf 84' lang='lat' dir='ltr'>wur.eu</span> 
     </span>
    </p>
   </div>
   <div class='ocr_carea' id='block_1_8' title="bbox 257 3703 1374 4336">
    <p class='ocr_par' dir='ltr' id='par_1_8' title="bbox 257 3703 1374 4336">
     <span class='ocr_line' id='line_1_25' title="bbox 308 3703 1303 3794; baseline 0.002 -22"><span class='ocrx_word' id='word_1_179' title='bbox 308 3703 879 3794; x_wconf 71' lang='lat' dir='ltr'>²)charone.20.-cf.npictet.t,111</span> <span class='ocrx_word' id='word_1_180' title='bbox 898 3721 947 3776; x_wconf 78' lang='lat'>22</span> <span class='ocrx_word' id='word_1_181' title='bbox 960 3737 1041 3777; x_wconf 86' lang='lat' dir='ltr'>verus</span> <span class='ocrx_word' id='word_1_182' title='bbox 1053 3718 1185 3794; x_wconf 77' lang='lat' dir='ltr'>Cynicus</span> <span class='ocrx_word' id='word_1_183' title='bbox 1198 3717 1303 3794; x_wconf 81' lang='lat' dir='ltr'>inquit,</span> 
     </span>
     <span class='ocr_line' id='line_1_26' title="bbox 258 3816 1310 3901; baseline 0.001 -20"><span class='ocrx_word' id='word_1_184' title='bbox 258 3816 375 3883; x_wconf 77' lang='grc' dir='ltr'><strong><em>εἶδέοαι</em></strong></span> <span class='ocrx_word' id='word_1_185' title='bbox 408 3817 500 3881; x_wconf 62' lang='lat' dir='ltr'>cet&#39;</span> <span class='ocrx_word' id='word_1_186' title='bbox 483 3842 532 3881; x_wconf 93' lang='grc' dir='ltr'>οτι</span> <span class='ocrx_word' id='word_1_187' title='bbox 562 3818 694 3898; x_wconf 74' lang='grc' dir='ltr'>ἄγγελος</span> <span class='ocrx_word' id='word_1_188' title='bbox 724 3819 785 3884; x_wconf 84' lang='grc' dir='ltr'>ῦπὸ</span> <span class='ocrx_word' id='word_1_189' title='bbox 817 3825 870 3884; x_wconf 84' lang='grc' dir='ltr'>τοῦ</span> <span class='ocrx_word' id='word_1_190' title='bbox 904 3820 980 3895; x_wconf 79' lang='grc' dir='ltr'><strong><em>Διὸς</em></strong></span> <span class='ocrx_word' id='word_1_191' title='bbox 1007 3817 1204 3887; x_wconf 75' lang='grc' dir='ltr'><em>ἀπέσταλται</em></span> <span class='ocrx_word' id='word_1_192' title='bbox 1227 3819 1310 3901; x_wconf 74' lang='grc' dir='ltr'>πρὸς</span> 
     </span>
     <span class='ocr_line' id='line_1_27' title="bbox 258 3926 1306 4024; baseline 0.003 -34"><span class='ocrx_word' id='word_1_193' title='bbox 258 3929 328 4000; x_wconf 77' lang='grc' dir='ltr'><strong><em>τοῦς</em></strong></span> <span class='ocrx_word' id='word_1_194' title='bbox 359 3926 550 4011; x_wconf 73' lang='grc' dir='ltr'><em>ἀνθρώπους</em></span> <span class='ocrx_word' id='word_1_195' title='bbox 573 3930 642 4010; x_wconf 74' lang='grc' dir='ltr'>περὶ</span> <span class='ocrx_word' id='word_1_196' title='bbox 666 3930 811 4024; x_wconf 48' lang='grc' dir='ltr'><strong><em>ἀγαθῶν.</em></strong></span> <span class='ocrx_word' id='word_1_197' title='bbox 825 3930 877 3990; x_wconf 85' lang='grc' dir='ltr'>καὶ</span> <span class='ocrx_word' id='word_1_198' title='bbox 903 3939 1021 4004; x_wconf 71' lang='grc' dir='ltr'><strong><em>κακῶν,</em></strong></span> <span class='ocrx_word' id='word_1_199' title='bbox 1045 3927 1220 4004; x_wconf 58' lang='lat' dir='ltr'>eremium</span> <span class='ocrx_word' id='word_1_200' title='bbox 1245 3930 1306 3993; x_wconf 87' lang='grc' dir='ltr'>αῦ-</span> 
     </span>
     <span class='ocr_line' id='line_1_28' title="bbox 258 4033 1374 4121; baseline 0.003 -23"><span class='ocrx_word' id='word_1_201' title='bbox 258 4041 319 4108; x_wconf 83' lang='grc' dir='ltr'><strong><em>τοῖς</em></strong></span> <span class='ocrx_word' id='word_1_202' title='bbox 342 4035 391 4098; x_wconf 84' lang='grc' dir='ltr'>ὅτι</span> <span class='ocrx_word' id='word_1_203' title='bbox 415 4033 634 4118; x_wconf 72' lang='grc' dir='ltr'><strong><em>πεπλάοηνται</em></strong></span> <span class='ocrx_word' id='word_1_204' title='bbox 660 4040 712 4100; x_wconf 77' lang='grc' dir='ltr'>καὶ</span> <span class='ocrx_word' id='word_1_205' title='bbox 736 4033 876 4121; x_wconf 80' lang='grc' dir='ltr'><strong><em>ἀλλαχοῦ</em></strong></span> <span class='ocrx_word' id='word_1_206' title='bbox 901 4040 1023 4119; x_wconf 82' lang='grc' dir='ltr'><strong><em>ζητοῦσι</em></strong></span> <span class='ocrx_word' id='word_1_207' title='bbox 1048 4042 1105 4119; x_wconf 76' lang='grc' dir='ltr'>τὴν</span> <span class='ocrx_word' id='word_1_208' title='bbox 1120 4037 1231 4104; x_wconf 73' lang='grc' dir='ltr'><strong><em>οὐσίαν</em></strong></span> <span class='ocrx_word' id='word_1_209' title='bbox 1249 4043 1303 4101; x_wconf 93' lang='grc' dir='ltr'>τοῦ</span> <span class='ocrx_word' id='word_1_210' title='bbox 1373 4047 1374 4050; x_wconf 73' lang='grc'>’</span> 
     </span>
     <span class='ocr_line' id='line_1_29' title="bbox 257 4145 1356 4230; baseline 0.004 -22"><span class='ocrx_word' id='word_1_211' title='bbox 257 4147 383 4221; x_wconf 75' lang='grc' dir='ltr'><strong><em>ἀγαθοῦ</em></strong></span> <span class='ocrx_word' id='word_1_212' title='bbox 415 4145 467 4206; x_wconf 76' lang='grc' dir='ltr'>καὶ</span> <span class='ocrx_word' id='word_1_213' title='bbox 500 4153 553 4211; x_wconf 90' lang='grc' dir='ltr'>τοῦ</span> <span class='ocrx_word' id='word_1_214' title='bbox 586 4152 695 4226; x_wconf 82' lang='grc' dir='ltr'><strong><em>κακοῦ,</em></strong></span> <span class='ocrx_word' id='word_1_215' title='bbox 726 4147 806 4211; x_wconf 83' lang='grc' dir='ltr'><strong><em>ὅπου</em></strong></span> <span class='ocrx_word' id='word_1_216' title='bbox 837 4147 893 4212; x_wconf 86' lang='grc' dir='ltr'>οῦκ</span> <span class='ocrx_word' id='word_1_217' title='bbox 925 4147 1029 4228; x_wconf 73' lang='grc' dir='ltr'><strong><em>ἔστιν,</em></strong></span> <span class='ocrx_word' id='word_1_218' title='bbox 1061 4149 1140 4230; x_wconf 77' lang='grc' dir='ltr'><strong><em>ὅπου</em></strong></span> <span class='ocrx_word' id='word_1_219' title='bbox 1165 4145 1192 4211; x_wconf 82' lang='grc' dir='ltr'>δ’</span> <span class='ocrx_word' id='word_1_220' title='bbox 1215 4148 1300 4212; x_wconf 72' lang='grc' dir='ltr'><strong><em>ἔστιν</em></strong></span> <span class='ocrx_word' id='word_1_221' title='bbox 1352 4150 1356 4156; x_wconf 79' lang='grc'>’</span> 
     </span>
     <span class='ocr_line' id='line_1_30' title="bbox 258 4253 704 4336; baseline 0.009 -20"><span class='ocrx_word' id='word_1_222' title='bbox 258 4253 314 4316; x_wconf 83' lang='grc' dir='ltr'>οὐκ</span> <span class='ocrx_word' id='word_1_223' title='bbox 339 4256 565 4336; x_wconf 74' lang='grc' dir='ltr'><strong><em>ἐνθυμοῦνται.</em></strong></span> <span class='ocrx_word' id='word_1_224' title='bbox 588 4261 629 4319; x_wconf 80' lang='lat' dir='ltr'>ef.</span> <span class='ocrx_word' id='word_1_225' title='bbox 655 4266 704 4320; x_wconf 76' lang='lat'>46.</span> 
     </span>
    </p>
   </div>
   <div class='ocr_carea' id='block_1_9' title="bbox 1136 4395 1151 4440">
    <p class='ocr_par' dir='ltr' id='par_1_9' title="bbox 1136 4395 1151 4440">
     <span class='ocr_line' id='line_1_31' title="bbox 1136 4395 1151 4440; baseline 0 0"><span class='ocrx_word' id='word_1_226' title='bbox 1136 4395 1151 4440; x_wconf 82' lang='lat'><strong>6</strong></span> 
     </span>
    </p>
   </div>
   <div class='ocr_carea' id='block_1_10' title="bbox 0 0 1708 5180">
    <p class='ocr_par' dir='ltr' id='par_1_10' title="bbox 0 0 1708 5180">
     <span class='ocr_line' id='line_1_32' title="bbox 0 0 1708 5180; baseline 0 0"><span class='ocrx_word' id='word_1_227' title='bbox 0 0 1708 5180; x_wconf 95' lang='lat' dir='ltr'> </span> 
     </span>
    </p>
   </div>
  </div>
 </body>
</html>
