3408 5180
783 556 824 620 73

284 776 439 862 posuerit,
470 777 535 840 fere
564 767 658 840 omne
677 776 758 839 ferre
785 773 941 860 punctum
968 775 1051 860 apud
1082 797 1190 840 omnes
1221 776 1277 860 qui
1306 799 1326 858 a

284 895 396 980 rigidis
418 894 597 960 Stoicorum
620 894 746 978 placitis
762 894 906 958 deterriti
929 895 976 958 nil
991 893 1054 958 nisi
1068 894 1210 979 quietam
1226 894 1327 960 vitam
1364 953 1369 962 .

284 1014 535 1099 philosophando
569 1014 692 1098 assequi
726 1015 853 1079 uellent.
888 1011 915 1100 1)
950 1013 1095 1098 Systema
1129 1013 1216 1078 enim
1249 1013 1327 1078 illud

284 1132 367 1218 quod
391 1133 602 1198 Macedonum
624 1153 737 1218 regum
760 1133 973 1198 dominationi
988 1134 1166 1218 subjunctis
1182 1133 1327 1213 Graecis,

284 1253 324 1316 ab
347 1258 476 1317 auctore
505 1252 664 1338 prolatum
688 1230 776 1330 erat,
799 1252 896 1317 etiam
926 1255 1023 1338 atque
1053 1254 1150 1318 etiam
1174 1245 1327 1340 gliscebat

283 1377 452 1458 postquam
468 1373 561 1438 simul
579 1395 651 1438 eum
666 1373 814 1455 libertate
830 1374 991 1458 praeclara
1001 1373 1194 1440 Graecorum
1206 1375 1326 1440 indoles

283 1493 395 1558 obtusa
426 1494 524 1572 esset,
555 1493 696 1577 itemque
719 1493 803 1576 apud
831 1491 992 1558 Romanos
1012 1493 1147 1577 jamjam
1172 1493 1325 1558 moritura

283 1615 315 1676 et
326 1612 458 1676 omnino
470 1613 610 1677 extincta
629 1612 766 1697 denique
778 1611 878 1676 libera
898 1612 1059 1697 republica
1079 1635 1178 1698 quum
1202 1613 1325 1677 nullum

284 1732 369 1796 aliud
392 1732 480 1810 τέλος
503 1735 584 1796 esset
606 1732 821 1817 propositum,
843 1732 1041 1816 voluptatem
1057 1735 1223 1817 tamquam
1239 1754 1326 1796 sum·

284 1874 372 1916 mum
407 1853 527 1916 bonum
562 1851 713 1916 amultis
747 1873 813 1916 esse
847 1850 1021 1934 expetitam
1054 1851 1131 1936 quid
1166 1855 1213 1916 est
1242 1851 1327 1935 quod

283 1972 459 2036 miremur?
480 1969 584 2046 Quare
602 1971 798 2056 plerumque.
814 1973 937 2035 remota
948 1969 1099 2034 interiore
1110 1969 1328 2054 philosophiae

284 2089 445 2174 epicureae
485 2089 617 2167 notitia,
661 2090 807 2155 homines
842 2089 974 2174 captari
999 2081 1031 2154 et
1065 2087 1149 2154 allici
1183 2089 1327 2179 solebant

282 2211 386 2277 uerbis
409 2215 489 2276 teste
512 2209 630 2276 Seneca
653 2210 798 2295 Epicuri!
820 2210 955 2307 hortulis
989 2209 1167 2294 inscriptis:
1203 2209 1327 2294 Hospes

281 2332 333 2398 hic
355 2333 435 2397 bene
458 2332 619 2410 manebis,
644 2331 698 2398 hic
720 2354 881 2396 summum
906 2330 1027 2396 bonum
1050 2331 1197 2415 voluptas
1220 2333 1276 2394 est.
1301 2331 1325 2415 ²)

282 2451 416 2537 Reliqua
450 2457 507 2516 aut
540 2451 804 2530 mensurabant,
839 2452 895 2514 aut
929 2453 965 2513 ut
998 2450 1116 2514 levium
1140 2450 1327 2534 plerumque

254 2628 258 2635 .
281 2571 343 2636 fert
365 2571 569 2651 consuetudo,
594 2570 789 2637 deridebant.

326 2693 527 2778 Argumenta
557 2691 584 2757 si
616 2691 760 2776 quaene,
783 2691 857 2756 audi
888 2691 982 2755 modo
1001 2690 1164 2755 Nostrum.
1196 2690 1327 2774 Semper

273 2815 362 2879 bene
384 2813 474 2877 audit
504 2811 662 2896 Epicurus
693 2811 823 2895 eiusque
857 2814 959 2874 sectae
989 2809 1171 2895 philosophi
1203 2813 1239 2872 ut
1270 2809 1326 2893 qui

281 2954 441 2996 summum
468 2931 588 2994 bonum
619 2930 815 3013 voluptatem
846 2923 969 3012 ponant
995 2923 1043 3013 ³),
1075 2928 1142 2992 eius
1181 2927 1325 3017 doctrina

247 3101 250 3108 .
281 3055 328 3115 est
352 3050 573 3115 inimicissima
596 3047 886 3113 machinationibus
913 3046 1124 3111 fraudulentis
1149 3046 1325 3112 Alexandri

281 3172 336 3256 qui
353 3171 451 3234 libros
468 3169 600 3253 Epicuri
619 3168 762 3262 comburi
781 3167 877 3251 jussit
890 3167 933 3254 4),
957 3167 1124 3252 ipsumque
1146 3167 1207 3232 sibi
1230 3168 1326 3232 finxit

281 3289 365 3374 apud
398 3287 515 3353 inferos
549 3287 584 3351 in
618 3308 715 3352 coeno
757 3284 950 3350 desidentem
986 3284 1127 3378 uinctum
1167 3286 1325 3371 plumbeis

323 3718 345 3794 ¹)
368 3719 411 3780 cf.
433 3719 582 3789 Maurus,
606 3719 646 3778 Le
668 3717 766 3796 poema
788 3718 824 3776 de
847 3716 985 3790 Lucrbce,
1009 3738 1036 3795 p.
1065 3722 1099 3788 2,
1124 3721 1151 3776 3.

323 3813 347 3898 ²)
370 3823 487 3894 Seneca,
518 3821 570 3898 llp.
599 3822 698 3893 XXII,
731 3825 779 3880 10.
812 3854 852 3864 —
882 3822 932 3886 (lb
950 3822 1034 3881 Tauri
1062 3821 1222 3899 philosophi
1250 3821 1324 3897 apud

279 3932 403 3991 Gellium
425 3933 462 3991 N.
487 3932 522 3990 A.
546 3931 602 4003 IX,
630 3937 644 3988 t
669 3932 782 3990 laudata
804 3930 889 3988 verba
917 3924 1014 4006 ἡδονὴ
1060 3921 1167 4003 τέλος,
1207 3927 1323 4007 πόρνης

279 4034 397 4117 δόγμα·
422 4036 477 4099 οὐκ
501 4035 565 4098 ἔστι
589 4039 721 4119 πρόνοια
745 4033 816 4098 οὐδὲ
841 4037 957 4118 πόρνης
985 4033 1096 4116 δόγμα.

324 4141 347 4218 ⁸)
371 4144 413 4204 Of.
436 4144 491 4201 Pro
514 4140 594 4219 lapsu
616 4144 647 4202 (l.
674 4148 702 4204 6.
725 4142 921 4201 Hermotimus
944 4142 975 4200 C.
1001 4145 1050 4202 36.
1073 4140 1148 4200 Ibid.
1175 4143 1222 4202 16.

322 4245 347 4324 4)
369 4246 449 4307 alex.
474 4246 505 4305 o.
532 4247 565 4315 1,
590 4247 621 4305 o.
646 4250 696 4314 47.
