3372 5180
893 534 934 601 18

384 754 543 840 depingit
558 758 668 818 auctor
678 754 714 818 in
731 754 827 820 «Jove
843 753 1035 818 confutato.»
1053 743 1116 819 Vel
1128 754 1163 818 in
1175 753 1288 819 horum
1300 736 1435 817 duorum

395 873 621 938 vocabulorum
652 875 721 936 arta
736 871 968 956 ¹conjunctione
991 865 1193 936 acerbissima
1215 871 1299 935 inest
1321 873 1434 936 contu-

396 990 500 1054 melia.
540 989 654 1054 Prodit
694 989 728 1052 in
763 1011 889 1054 scenam
923 987 1061 1073 Cynicus
1094 988 1316 1074 philosophus,
1355 1009 1436 1073 quac

352 1195 355 1203 .
394 1113 479 1173 scota
501 1107 659 1192 imprimis
682 1107 935 1190 importunitatis
959 1112 991 1171 et
1006 1106 1192 1172 insolentiae
1206 1106 1337 1170 nomine
1352 1107 1436 1170 male

334 1226 335 1230 ’
393 1229 548 1316 audiebat.
573 1228 756 1312 interrogat
774 1227 887 1292 Jovem
907 1227 945 1290 de
957 1230 1112 1310 potestate
1123 1226 1196 1290 Fati
1208 1232 1240 1291 et
1251 1226 1433 1291 Parcarum.

395 1346 527 1438 Frustra
542 1345 618 1410 dens
628 1346 802 1410 identidem
814 1345 961 1410 irascitur
973 1345 1064 1410 etira
1076 1350 1251 1410 commotus
1262 1345 1434 1409 exclamat:

394 1589 578 1667 καταράτων
600 1588 753 1664 σοφιστῶν
777 1587 807 1648 οἳ
822 1583 900 1666 μηδὲ
918 1590 1060 1667 προνοεῖν
1075 1590 1156 1666 ἡμᾶς
1172 1587 1236 1648 τῶν
1253 1585 1433 1668 ἀνθρώπων

394 1704 489 1784 φασίν
512 1703 743 1787 acerrimosque
763 1703 920 1766 cruciatus
945 1699 1088 1766 intentat
1109 1701 1267 1786 sophistis.
1296 1699 1435 1786 Cynicus

394 1825 504 1887 tamen
525 1821 574 1885 ira
603 1820 693 1884 lovis
716 1820 763 1884 nil
785 1821 958 1905 quidquam
982 1825 1214 1898 commovetur,
1238 1821 1291 1884 sed
1313 1820 1436 1905 placide

394 1938 591 2005 confabulari
620 1943 653 2002 at
674 1937 855 2022 percontari
877 1938 983 2021 pergit
1006 1937 1044 2001 dc
1060 1941 1223 2021 ,potestate
1245 1936 1432 2014 Parcarum,

386 2080 529 2143 ¹quarum
546 2058 620 2121 deos
630 2056 765 2120 famulos
777 2060 810 2119 ct
820 2055 983 2118 ministros
995 2077 1061 2120 esse
1074 2056 1281 2133 demonstrat,
1295 2059 1326 2119 ct
1337 2077 1433 2138 prop·
1491 2127 1493 2130 ¹

394 2179 444 2239 ter
466 2197 503 2238 ea
524 2175 627 2238 fatum
650 2172 780 2236 unicum
803 2171 896 2237 deum
919 2193 985 2237 esse
1010 2172 1192 2237 habendum
1213 2171 1331 2257 quippe
1353 2194 1435 2257 quac

393 2293 436 2357 sit
457 2300 479 2376 ἠ
500 2296 559 2376 μὲν
582 2291 825 2376 ναυπηγουμένη
847 2289 975 2371 ἕκαστα,
1004 2291 1051 2354 dis
1073 2295 1166 2356 utens
1188 2313 1246 2375 pro
1273 2291 1433 2355 securibus

394 2431 431 2474 ac
452 2409 595 2476 terebris.
618 2409 724 2495 Magis
742 2385 906 2494 magisque
932 2409 965 2472 di
988 2409 1028 2472 ab
1050 2408 1234 2492 importuno
1245 2408 1432 2493 philosopho

394 2529 608 2594 dilacerantur
636 2533 669 2593 et
698 2529 897 2594 contumeliis
929 2528 1189 2612 perstringuntur
1217 2528 1264 2592 ita
1291 2531 1328 2592 ut
1350 2527 1433 2611 Jup-

392 2648 476 2732 piter
497 2648 533 2711 in
563 2649 707 2711 onmium
728 2668 835 2711 rerum
858 2645 1076 2730 desperatione
1106 2646 1281 2710 exclamare
1307 2647 1433 2710 coactus

393 2769 435 2832 sit
467 2774 570 2852 μάτην
604 2769 675 2834 θεοί
709 2772 799 2851 ἐσμεν
813 2815 821 2832 .
836 2815 844 2832 .
861 2814 892 2832 ..
917 2767 971 2831 καί
1003 2792 1054 2849 μοι
1091 2766 1191 2852 δοραῖς
1226 2770 1348 2840 εἰκότως
1373 2792 1432 2848 μον

394 2897 616 2973 καταφρονεῖν,
632 2889 680 2952 ὅτι
693 2890 857 2973 κεραννὸν,
870 2890 911 2961 ὥς
923 2890 1008 2971 ὁρᾷς,
1022 2868 1270 2969 διημανλωμὲνος
1281 2885 1434 2974 ἀνέχομαί

393 3030 424 3072 σε
448 3017 584 3073 τοσαῦτα
616 3008 694 3072 καθ’
733 3011 822 3090 ημῶν
857 3005 1023 3082 διεξιόντα.
1048 3003 1100 3069 Ad
1119 3005 1203 3090 quod
1225 3003 1432 3090 philosophus

393 3124 515 3209 placide
538 3128 574 3189 nt
597 3129 688 3203 ante,
711 3123 803 3202 Fari,
823 3123 972 3208 luppiter
980 3149 989 3202 ς
1005 3124 1032 3188 si
1048 3123 1128 3186 mihi
1143 3126 1191 3188 ast
1205 3122 1251 3186 ita
1266 3122 1332 3186 tato
1347 3144 1433 3187 corn-

316 3251 317 3255 ’
392 3245 541 3326 paratum
564 3245 600 3307 ut
618 3242 752 3307 fulmine
774 3241 950 3326 percutiar,
974 3263 1032 3306 nec
1054 3245 1087 3305 tc
1109 3241 1223 3326 plagae
1244 3240 1432 3304 illiusaccu·
1458 3286 1460 3290 -

332 3379 338 3384 ·
393 3360 469 3425 sabo
491 3360 544 3424 sed
568 3357 682 3424 Clotho
705 3381 762 3443 per
783 3363 816 3424 te
834 3359 1066 3424 vulnerantem.
1090 3357 1141 3422 Ne
1163 3358 1290 3422 Tartari
1305 3357 1433 3442 quidem

395 3475 552 3542 cruciatus
585 3476 788 3540 allatrantem
820 3473 975 3560 Cynicum
998 3476 1037 3568 'de
1059 3476 1161 3560 gradu
1183 3475 1338 3560 depellere
1359 3453 1432 3559 pos·

395 3597 479 3658 sunt.
504 3591 601 3678 Cujus
623 3593 774 3658 conviciis
796 3596 828 3657 ct
842 3591 1018 3658 maledictis
1037 3593 1187 3677 Juppaer
1201 3594 1331 3658 tandem
1350 3593 1434 3659 cedit

393 3710 543 3776 audacem
566 3715 599 3775 et
627 3709 804 3794 sophistam
827 3731 899 3775 eum
933 3710 1111 3795 appellans·
1137 3708 1274 3795 Cynicus
1307 3715 1433 3790 autem,

392 3831 429 3892 ut
461 3825 631 3912 profanum
660 3827 776 3912 vulgus
799 3849 922 3912 semper
951 3832 983 3892 ct
1009 3827 1127 3914 ubique
1156 3830 1299 3894 locorum
1332 3805 1433 3895 facere

392 3945 489 4024 solat,
522 3967 564 4010 nc
585 3949 655 4010 tum
686 3945 814 4030 quidem
836 3945 965 4030 obloqui
987 3949 1019 4010 ct
1041 3946 1213 4012 conviciari
1236 3947 1358 4013 destitit
1379 3947 1433 4013 sed

392 4063 481 4128 addit
492 4063 577 4131 inter
586 4065 708 4149 reliqua
716 4084 724 4128 z
733 4067 773 4130 τὰ
785 4062 880 4130 λοιποὶ
892 4064 921 4130 δ’
934 4065 1005 4142 ἴσως
1017 4068 1074 4154 οὐχ
1087 4069 1213 4152 εἵμαρτο
1225 4067 1356 4132 α’κοῦσαί
1366 4093 1430 4151 μοι.

435 4180 466 4248 Α
496 4181 577 4248 Jove
605 4183 769 4248 mulctato
799 4189 999 4249 transeamus
1022 4184 1062 4249 ad
1095 4184 1209 4250 lovem
1231 4186 1429 4272 tragoedum.
