3372 5180
822 564 898 628 '10

364 784 470 846 autom
501 780 691 866 Dialogum‚
724 780 765 844 ad
799 802 872 844 cum
899 803 999 865 usque
1029 781 1113 845 diam
1143 802 1273 866 gravem
1303 785 1399 864 atquc
1446 832 1447 836 .

361 902 575 966 venerabilem
605 905 638 966 ct
671 924 737 966 non
769 902 830 966 nisi
862 902 900 966 do
930 902 978 966 dis
1009 906 1040 966 et
1063 902 1101 965 dc
1124 901 1271 966 universa
1292 923 1399 965 rorum

359 1026 476 1085 natura
500 1022 725 1105 disputantem,
750 1044 769 1083 a
792 1021 930 1085 nubibus
954 1021 1141 1097 detractum,
1162 1020 1331 1084 confractis
1342 1019 1400 1082 alis
1443 1082 1446 1090 ,

362 1139 402 1203 ad
414 1139 503 1224 vulgi
515 1138 776 1204 consuetudinem
789 1139 932 1224 detrusit,
945 1139 1054 1224 illique
1067 1139 1196 1223 dempta
1208 1139 1265 1202 illa
1276 1140 1400 1224 tragica

360 1280 511 1342 persona,
535 1257 688 1322 comioam
715 1263 748 1323 st
770 1259 940 1343 satyricam
963 1259 1125 1343 imposuit,
1149 1261 1257 1343 quales
1269 1259 1402 1343 Eupolis

362 1374 464 1462 atquo
492 1375 641 1442 Cratinus
674 1377 967 1463 Aristophanesque
985 1382 1097 1462 poetae
1116 1400 1303 1461 componore
1321 1379 1401 1442 solc-

360 1495 440 1558 bant
462 1495 499 1581 ¹).
531 1494 604 1559 Non
635 1499 764 1560 tantum
793 1499 900 1560 autam
929 1496 1127 1560 mordacibus
1147 1495 1226 1580 jocis
1249 1496 1399 1579 antiquae

363 1613 491 1679 Atticae
514 1615 693 1680 comoediae
715 1614 879 1699 perfricuit
902 1615 1073 1700 Dialogum
1097 1615 1150 1678 sod
1173 1614 1212 1677 ad
1236 1636 1308 1677 eum
1332 1615 1413 1678 Mc·'

360 1735 495 1818 nippum
518 1756 644 1818 quoque
667 1741 730 1803 τῶν
755 1736 900 1802 παλαιῶν
925 1740 1030 1802 κυνῶν
1053 1761 1126 1801 τινα
1149 1733 1335 1796 introduxit.

405 1854 624 1940 Quadraginta
636 1855 737 1940 igitur
750 1876 850 1918 annos
863 1858 973 1931 natus,
986 1854 1041 1918 diu
1053 1855 1254 1939 multumque
1266 1858 1401 1938 vagatus

360 1972 519 2036 Lucianus
550 1994 614 2037 uno
644 1973 679 2035 in
709 1973 778 2058 loco
809 1972 915 2035 vivero
945 1976 977 2036 ct
1007 1973 1194 2036 commorari
1225 1972 1401 2038 constituit.

363 2091 465 2157 Scmol
489 2096 584 2176 atquo
606 2092 722 2156 iterum
740 2091 877 2155 Romam
901 2091 1023 2155 viderat
1038 2092 1092 2154 scd
1114 2092 1265 2176 «quando
1280 2092 1401 2156 artibus

360 2211 501 2275 honestis
520 2210 628 2274 nullus
639 2211 675 2274 in
685 2210 763 2273 urbs
774 2210 877 2282 locus,
902 2210 991 2273 nulla
1003 2210 1218 2296 emolumenta
1228 2211 1395 2275 laborum»

361 2330 434 2417 vita
458 2329 582 2392 urbana
614 2329 642 2391 ei
673 2328 919 2412 haudquaquam
946 2328 1100 2410 placebat.
1126 2329 1188 2394 Via
1211 2329 1352 2414 Egnatia
1375 2331 1400 2415 2)

360 2449 461 2534 igitur
483 2449 640 2532 profectus
663 2448 919 2532 Thessalonicam
942 2449 1088 2531 pervenit
1099 2449 1123 2534 ³)
1147 2450 1203 2514 ubi
1220 2441 1326 2513 coram
1338 2451 1401 2515 frc-

363 2568 571 2653 qucntissirno
595 2567 751 2633 auditorio
774 2570 821 2632 ὅτι
845 2593 901 2653 περ
929 2567 1038 2648 ὄφελος
1070 2569 1102 2644 ἐξ
1133 2573 1261 2651 ἑκάστης
1285 2569 1401 2644 πόλεως

307 2669 311 2673 .
361 2691 568 2755 declamabat.
586 2690 704 2756 Omnes
722 2687 761 2750 ad
777 2708 878 2750 unum
894 2687 949 2771 qui
965 2687 1003 2750 do
1019 2687 1150 2750 Luciani
1166 2687 1232 2752 vita
1247 2689 1401 2770 scriptum

362 2808 482 2893 aliquid
494 2807 700 2891 reliquerunt,
717 2828 795 2889 quos
810 2805 938 2888 quidem
955 2805 1035 2867 mihi
1049 2805 1204 2888 inspicare
1219 2808 1401 2892 contigerit,

325 3005 326 3008 Ἴ
361 2949 434 2991 oum
459 2925 593 2990 Athenis
616 2924 732 2989 vixisse
746 2927 879 2987 narrant
893 2923 936 3010 4),
960 2946 1055 3007 quam
1072 2924 1183 2987 urbem
1198 2925 1401 3010 semelatquo
1459 3007 1461 3010 Ι

360 3047 477 3110 iterum
487 3045 634 3108 laudibus
646 3043 777 3107 extollit.
794 3042 993 3126 Quamquam
1005 3042 1072 3125 ipse
1084 3065 1242 3127 nusquam
1250 3067 1307 3127 pro
1316 3051 1401 3109 corto

362 3164 516 3240 affirmat,
536 3169 644 3226 tamen
669 3163 849 3246 conjectura
870 3160 1040 3224 admodum
1060 3161 1219 3244 probabili
1237 3163 1298 3226 hac
1316 3163 1401 3227 inre
1477 3199 1479 3203 Α

367 3288 436 3348 «est
448 3280 586 3367 quadam
596 3281 724 3366 prodire
735 3285 829 3345 tenus
838 3305 867 3356 s,
881 3283 976 3362 atquc
988 3301 1027 3341 ex
1038 3279 1169 3343 divorsis
1181 3279 1314 3344 Luciani
1324 3281 1401 3345 locis

367 3535 572 3548 ————-

380 3753 382 3756 -
406 3717 416 3754 ¹
466 3717 526 3775 bid.
549 3709 588 3774 Oa
610 3761 616 3774 .
641 3717 691 3774 33.

404 3721 429 3896 ἐ
451 3717 649 3890 ilnauznniia,
674 3815 841 3874 Gcschichte
855 3812 1403 3873 GriechenlandsunterdcrHcrrschalt

362 3924 413 3981 der
434 3924 552 3992 Rbmer,
579 3921 626 3993 Π,
649 3925 720 3979 430.

406 4025 430 4103 ³)
453 4025 559 4084 Herod.
583 4027 635 4085 siv.
660 4026 780 4096 Alition,
805 4025 871 4102 Cap.
898 4029 945 4087 78.

404 4129 429 4206 4)
446 4130 487 4188 ef.
501 4131 737 4199 Sonnnnsnons,
751 4129 827 4205 Allg.
840 4128 1015 4206 Einleitnng,
1028 4148 1055 4206 p.
1068 4127 1145 4186 XIV.
1158 4161 1198 4170 -
1210 4126 1401 4196 Hismarus,

363 4232 406 4307 II,
421 4235 492 4296 430.
506 4265 546 4276 -
559 4233 708 4307 Missus,
723 4233 776 4291 Les
789 4231 946 4294 moralistcs
958 4251 1024 4290 sous
1035 4227 1163 4312 l'empire
1175 4229 1312 4300 Romaiu,
1330 4232 1400 4290 341.
