3408 5180
768 549 811 618 63

268 767 482 853 ὠνομάκασιν,
511 774 542 837 οἱ
572 771 605 838 δὲ
628 771 902 856 Ἀκαδημαϊκούς,
933 777 963 838 ol
993 773 1026 838 el
1056 770 1312 859 Ἐπικουρείους,

268 893 298 955 ol
321 892 354 956 δὲ
379 895 652 978 περιπατητικούς,
676 895 729 957 καὶ
752 892 835 970 ἄλλοι
858 892 965 979 πολλῷ
988 894 1164 979 γελοιότερα
1181 901 1312 962 τούτων.

270 1009 337 1074 llas
349 1010 517 1096 praecipue
531 1016 632 1076 seolas
644 1013 859 1102 enumerando
873 1013 988 1096 probel
999 1013 1021 1079 J
1022 1013 1149 1098 oppilet
1159 1035 1193 1077 se
1204 1017 1323 1078 urceo-

269 1130 398 1196 rilalem
433 1129 603 1197 Caesarum
639 1133 727 1217 sequi
761 1133 818 1218 qui
848 1156 958 1202 earum
988 1138 1127 1220 quatuor
1156 1138 1313 1199 sectarum

269 1250 466 1336 philosophis
481 1275 590 1316 annua
612 1252 727 1317 salaria
750 1275 768 1317 e
790 1253 865 1318 fiseo
888 1253 1169 1339 eonslieuerunlu.
1200 1252 1316 1318 Verbis

270 1367 359 1433 Jovis
390 1390 487 1454 supra
511 1370 648 1434 laudatis
682 1374 722 1435 τὰ
751 1379 931 1455 συστήματα
961 1371 1068 1458 πολλῷ
1085 1371 1268 1466 Ιγελοιότεροι
1288 1373 1315 1437 ai

272 1487 453 1570 oonjeolura
476 1510 495 1552 a
517 1489 646 1552 morlali
669 1490 831 1574 proposita
854 1491 975 1575 aliquid
1001 1491 1190 1563 iudeorum
1213 1491 1316 1556 effatis

271 1605 501 1691 assequendum
521 1610 585 1683 esl,
610 1605 742 1672 fortasse
761 1605 873 1692 Cynici
891 1609 1133 1674 adumbrantur.
1153 1645 1194 1658 -
1218 1608 1315 1673 Prae·

271 1730 358 1792 terea
387 1726 481 1792 multi
511 1731 605 1792 eranl
633 1728 689 1813 qui
712 1732 748 1792 ul
771 1728 888 1794 Noster
910 1729 958 1793 nil
980 1727 1154 1814 quidquam
1177 1729 1255 1794 oerhi
1278 1729 1316 1794 de

273 1867 434 1930 quaquam
446 1867 481 1910 re
495 1845 558 1910 diei
570 1867 659 1930 posse
671 1851 904 1924 asseverarem,
915 1847 1068 1933 illamque
1082 1847 1316 1932 philosophiam

274 1967 430 2051 optimam
445 1989 510 2032 esse
533 1972 699 2034 censerent
713 1989 794 2053 quae
808 1968 962 2034 eradendo
982 1973 1150 2054 praeoepla
1165 1940 1316 2048 moralia,

279 2086 416 2152 <idonee
442 2087 550 2152 vilae>
579 2087 705 2154 dieerel.
730 2087 875 2154 Primum
898 2087 999 2174 igilur
1012 2092 1050 2153 ul
1073 2063 1185 2154 seriem
1201 2111 1220 2153 a
1235 2089 1316 2155 Jove

272 2206 454 2271 institutam
477 2229 637 2284 servemus
658 2207 814 2292 prodeoul
836 2207 870 2271 in
894 2226 1020 2272 seenam
1043 2183 1152 2273 Sloioi.

318 2325 441 2391 Stoicus
456 2326 541 2410 apud
552 2325 729 2390 Luoianum
741 2326 882 2410 primum
898 2329 946 2390 esl
957 2329 1151 2410 σκυθρωπός,
1164 2329 1188 2410 ²)
1202 2347 1317 2411 nempe

272 2443 353 2508 illud
375 2466 560 2522 commune,
583 2449 621 2508 ul
645 2444 792 2522 vidimus,
818 2443 1082 2529 philosophorum
1106 2444 1316 2509 omniumsed

272 2563 405 2628 fortasse
427 2563 462 2628 iu
484 2563 544 2628 hoo
562 2562 747 2647 praeserlim
770 2584 838 2628 nou
860 2562 928 2628 sine
950 2585 1045 2628 eausa
1067 2563 1185 2630 Noster
1207 2563 1240 2628 id
1259 2563 1316 2628 ad·

270 2680 382 2764 jecisse
415 2680 559 2758 videtur,
581 2680 701 2746 etenim
730 2681 886 2756 ότέλιιος
919 2684 1062 2757 Στωϊκός
1095 2686 1180 2760 erat,
1204 2681 1318 2766 opinor

275 2805 425 2888 αὐστηρός
448 2804 475 2868 si
498 2805 570 2889 quis
593 2804 674 2868 ahos
697 2808 729 2869 el
743 2806 846 2870 forma
862 2810 894 2870 el
909 2805 1040 2882 habitu3
1058 2805 1182 2890 fuitque
1197 2825 1318 2889 semper

274 2924 307 2988 id
329 2945 430 3010 genus
453 2923 626 2988 cavillandi
648 2923 745 2988 nimis
767 2924 859 2988 faoile
881 2928 914 2990 el
936 2925 1137 3009 aplissimum
1159 2924 1199 2988 ad
1218 2923 1317 2988 risum

274 3043 453 3108 auditorum
475 3042 525 3108 vel
544 3046 757 3127 spectatorum
780 3043 899 3107 levium
918 3044 1104 3128 praesertim
1116 3043 1318 3120 movendum,

275 3161 361 3246 quod
383 3161 423 3226 ad
453 3161 600 3226 habitum
631 3161 764 3226 alieuius
794 3162 844 3227 vel
867 3167 1016 3227 ornatum
1038 3162 1317 3248 perstringendum

276 3281 389 3347 valeat.
413 3279 475 3347 Sed
496 3281 620 3346 tribuat
645 3303 779 3347 coronae
804 3282 925 3367 aliquid
948 3285 981 3347 et
1001 3282 1165 3347 videamus
1187 3281 1318 3346 interim

277 3391 416 3482 quidde
441 3395 621 3464 Sloieorum
644 3399 861 3485 philosophia,
884 3403 989 3466 aelate
1011 3423 1075 3486 qua
1098 3398 1216 3465 vixeril
1240 3397 1319 3484 glis·

290 3701 296 3798 Ἰ
319 3710 342 3786 ¹)
365 3711 408 3770 cf.
430 3709 561 3781 Zmarre,
584 3709 631 3768 die
653 3707 834 3789 Philosophia
856 3709 906 3769 der
924 3709 1063 3770 Grieohen
1077 3711 1109 3770 in
1123 3710 1198 3771 ihrer
1217 3708 1319 3770 Geseh.

275 3813 506 3890 Entwiekelung‚
529 3814 591 3885 III,
616 3816 648 3884 l,
673 3817 732 3873 683
756 3834 785 3875 ιι.
809 3834 832 3875 s.
854 3835 890 3875 w.
910 3815 1034 3887 Lueian,
1060 3815 1318 3875 duunchado.

276 3917 438 3993 Philostrat.
472 3916 537 3974 Vita
566 3916 718 3994 Soph.11,
744 3919 773 3978 2.
796 3950 837 3962 -
865 3918 907 3978 cf.
931 3918 1129 3990 Hurrzsrus,
1153 3917 1320 3977 Gesehiehte

278 4020 514 4089 Griechenlands,
537 4025 589 4080 etc.
612 4019 673 4091 ΠΙ,
699 4022 737 4077 80
761 4039 821 4098 sqq.

292 4117 296 4122 ⁴
321 4128 345 4204 2)
366 4129 497 4187 Vitemm
519 4128 624 4187 Auctio
640 4128 672 4188 0.
690 4123 745 4200 20,
761 4127 797 4187 de
811 4128 966 4207 Chrysippo
987 4126 1042 4191 τὸν
1061 4127 1094 4192 ἐν
1112 4132 1174 4212 χρῷ
1190 4121 1319 4210 κουρίαν

279 4233 413 4310 ἐκεῖνον,
437 4232 492 4296 τὸν
515 4232 715 4316 σκυθρωπὸν,
738 4233 794 4297 τόν
815 4231 879 4296 ohad
901 4237 955 4312 τῆς
977 4238 1095 4310 Στοᾶς.
