3408 5180
863 513 904 577 76

362 756 427 800 non
446 735 523 800 satis
541 733 636 800 fuisse
655 733 739 819 quod
755 733 939 798 decantaret
960 733 1029 798 leve
1042 737 1074 798 et
1097 733 1227 817 vulgare
1247 731 1403 817 judicium

361 854 487 940 profani
520 853 627 938 vulgi,
650 874 751 937 pauca
786 832 912 937 quoque
934 851 1072 917 delibare
1105 852 1176 917 vult
1205 851 1243 916 de
1273 850 1406 935 Epicuri

360 972 562 1058 philosophia
584 975 617 1037 et
638 972 801 1037 ostandcre
817 993 850 1034 se
864 969 1026 1036 interioris
1041 969 1127 1034 illius
1142 968 1276 1034 notitiae
1291 968 1404 1033 rudem

362 1114 428 1157 non
447 1113 531 1171 csse,
553 1091 713 1156 inaudivit
735 1090 855 1175 aliquid
878 1093 947 1175 περὶ
972 1095 1036 1157 τῶν
1054 1091 1242 1175 Ἐπικούρου
1257 1091 1382 1173 ἀτόμων
1393 1135 1403 1168 ,

360 1213 445 1298 quod
466 1213 572 1297 ipsum
596 1212 687 1278 avide
714 1211 850 1295 erripuit
872 1215 904 1275 et
927 1249 968 1262 -
993 1211 1069 1296 quid
1092 1212 1196 1276 dicere
1219 1211 1337 1275 attinet
1360 1247 1404 1260 -

360 1331 396 1396 in
418 1331 589 1396 ridiculum
610 1331 707 1397 vertit
730 1335 762 1396 et
784 1331 932 1416 παρῳόιῒ.
957 1330 1121 1415 Apprime,
1145 1329 1404 1413 sicfereMenip·

361 1474 439 1538 pum
468 1451 652 1536 loquentem
674 1450 813 1530 inducit,
839 1451 887 1514 illi
909 1450 1073 1516 deridendi
1095 1454 1171 1515 sunt
1192 1449 1249 1534 qui
1271 1453 1404 1514 conten·

362 1570 443 1635 dunt
476 1569 514 1634 de
548 1573 651 1634 terrae
685 1569 821 1649 finibus,
856 1591 932 1634 nam
966 1569 1076 1657 οχιδὸυ
1110 1574 1169 1655 γὰρ
1199 1573 1217 1635 d
1247 1567 1404 1635 πολυπλε-

362 1694 515 1776 θρότατος
545 1689 650 1756 αὐτῶν
688 1689 766 1772 μίαν
798 1693 863 1756 τῶι
888 1688 1113 1777 Ἐπικουρείων
1146 1690 1269 1772 direptor
1300 1687 1403 1766 iddare

361 1836 413 1894 μοι
426 1817 572 1896 γεωργεῖν
592 1802 627 1895 ¹).
640 1807 716 1874 Fert
731 1808 832 1893 igitur
842 1809 1000 1893 judicium
1012 1831 1148 1894 aequum
1165 1812 1197 1873 et
1207 1808 1405 1893 praeclarum

362 1933 401 1998 da
423 1931 508 1996 illius
527 1930 743 2020 philosophia,
767 1930 866 1995 donec
896 1952 962 1996 non
984 1931 1112 2016 longius
1136 1929 1285 2014 procedat
1307 1951 1403 2014 quam

362 2049 539 2115 levissimus
562 2049 695 2133 quisque
726 2049 781 2133 qui
811 2048 944 2133 Epicuri
974 2048 1208 2134 philosophiam
1239 2052 1404 2132 tamquam

362 2173 488 2236 scutum
515 2169 676 2234 dissolutis
699 2168 840 2233 moribus
862 2169 1067 2253 praetendere
1090 2174 1223 2248 soleret,
1246 2169 1403 2254 planeque

362 2288 499 2374 quadrat
513 2287 549 2352 in
571 2287 662 2351 illum
686 2288 771 2372 quod
794 2287 965 2372 aliquando
988 2293 1069 2353 teste
1091 2287 1210 2354 Seneca
1243 2288 1401 2373 Epicurus

361 2408 429 2492 ipse
455 2407 579 2472 dixerat
595 2407 646 2473 —de
670 2407 799 2472 levitate
830 2407 941 2492 populi
965 2408 1131 2492 probantis
1154 2409 1314 2473 neminem
1340 2407 1403 2472 nisi

361 2548 456 2611 quem
480 2529 692 2611 agnoverunt,
705 2525 730 2612 ²)
754 2548 853 2610 quum
882 2547 976 2591 causa
999 2527 1133 2592 fortasse
1156 2549 1212 2592 cur
1232 2525 1404 2610 Epicureos

362 2644 468 2709 minus
480 2645 564 2709 male
573 2643 689 2708 mulcet
697 2665 791 2728 quam
801 2647 922 2708 ceteros
931 2665 967 2708 ea
977 2651 1035 2729 cst,
1048 2646 1132 2730 quod
1141 2645 1288 2731 Epicurei
1301 2649 1405 2710 aetate

361 2760 496 2826 luciani
514 2760 561 2825 ita
573 2761 845 2845 degeneraverant
867 2765 900 2825 et
918 2761 1083 2846 depravati
1095 2773 1187 2827 erent
1199 2766 1235 2827 ut
1258 2764 1289 2827 id
1302 2786 1403 2828 unum

361 2879 468 2944 sedulo
491 2900 530 2942 ex
553 2877 699 2963 magistri
722 2878 880 2962 dogmatis
891 2877 1000 2943 tenere
1011 2879 1166 2944 solerent:
1190 2882 1286 2966 η’δοιὴ
1303 2881 1401 2956 τέλος.

406 2997 456 3062 Ne
479 2987 950 3082 deturbemusphilcsophorum
966 2998 1141 3062 ordinema
1156 3000 1237 3065 Jove
1249 3001 1403 3066 constitu·

362 3121 450 3193 tum,
470 3117 510 3180 ad
522 3115 655 3201 Cynicos
667 3115 762 3200 longe
777 3117 935 3202 longeque
952 3117 1404 3204 omniumquicognoscantur

364 3235 567 3320 dignissimos
596 3235 841 3320 properantibus
864 3256 964 3319 pauca
988 3235 1079 3299 nobis
1108 3236 1240 3302 dicenda
1256 3239 1404 3303 videntur

363 3356 402 3420 de
420 3355 540 3439 judicio
570 3354 655 3439 quod
689 3353 848 3420 Lucienus
881 3354 957 3418 tulit
991 3355 1029 3419 de
1063 3354 1103 3419 iis
1136 3358 1221 3422 inter
1257 3357 1403 3443 aequales

364 3595 568 3606 ...—

362 3763 430 3826 τουὶ
467 3765 519 3825 τοῦ
550 3759 663 3844 ἀνδρὸς
694 3765 859 3840 (Hermonis
887 3719 1030 3844 Epicurei)
1059 3763 1128 3827 l'oa
1151 3759 1229 3843 μηδ
1238 3762 1279 3824 to
1303 3757 1403 3823 ἀλλο

363 3872 488 3934 κακὸυ
514 3867 626 3944 εἴπω,
651 3866 964 3954 Ἐπικουρείου,
988 3873 1096 3952 ἄπειμι
1119 3867 1193 3934 ὅλου
1210 3891 1256 3932 σοι
1274 3871 1307 3931 τὸ
1331 3890 1404 3950 ουρ·

362 3983 470 4044 πὸοιου
495 3975 690 4042 καταλιπὼν.
716 4017 756 4027 -
779 3984 820 4044 cf.
845 3986 928 4043 etiam
952 3985 1086 4044 Piscator.
1111 3984 1143 4043 C.
1169 3987 1218 4043 43.

404 4085 428 4164 1)
450 4087 652 4166 Icaromenipp.
677 4086 709 4146 O.
736 4090 784 4146 18.

406 4189 429 4266 ²)
452 4190 548 4249 Senec.
571 4189 660 4268 Epist.
686 4195 735 4251 29.
762 4195 789 4250 9.
