3372 5180
763 533 804 599 55

305 751 364 816 Sed
394 752 458 817 hnc
487 773 585 839 nsque
614 748 661 816 rei
690 751 824 818 crimina
854 753 1098 838 explicavimus,
1122 777 1209 820 nnnc
1232 777 1306 821 eum
1358 777 1360 780 ’

260 871 418 956 paulisper
441 871 607 936 defendere
637 893 798 937 conemur.
830 871 910 936 llrat
932 872 1093 937 Lucienus
1116 878 1220 939 aetate
1243 898 1307 961 qua

261 989 341 1055 vixit
362 990 448 1056 haud
470 1013 546 1056 sane
567 991 680 1056 unicus
703 990 759 1075 qui
781 989 827 1054 ita
851 992 984 1056 senserit
1006 996 1039 1056 et
1069 992 1305 1079 philosophiam

261 1109 370 1175 oderit.
402 1110 506 1176 Nimis
535 1115 604 1176 erat
635 1110 816 1186 ἐπιπόλαιος
850 1131 947 1194 quam
977 1115 1014 1176 ut
1056 1111 1116 1176 hac
1154 1113 1190 1177 in
1220 1136 1255 1179 re
1286 1137 1306 1180 a

261 1229 420 1293 communi
453 1229 634 1314 aequalium
679 1230 899 1296 Romanorum
933 1230 1119 1314 praesertim
1154 1231 1305 1316 opinione

260 1346 458 1427 dissentiret,
481 1349 553 1432 qui,
577 1371 773 1435 quamquam
797 1349 1015 1415 munificentia
1038 1347 1209 1414 Caesarum
1230 1353 1304 1436 phi-

259 1465 436 1550 losophiam
469 1465 505 1530 in
534 1487 627 1531 usum
660 1489 861 1534 communem
891 1468 1014 1553 redegit
1041 1489 1165 1554 semper
1194 1472 1304 1541 tamen

259 1584 346 1650 illam
358 1591 608 1652 contemnerent.
633 1587 719 1652 Nam
741 1592 779 1652 ut
800 1592 924 1652 taceam
946 1589 1097 1653 varicosos
1109 1592 1304 1670 centuriones,

258 1705 464 1789 quibustesto
475 1705 582 1772 Persio
602 1710 625 1786 ¹)
648 1709 725 1772 ratio
744 1712 812 1772 erat
830 1707 916 1792 quod
935 1712 1098 1791 saperent,
1119 1713 1151 1774 et
1165 1707 1304 1775 Trimal-

258 1823 404 1889 chionem
427 1826 481 1910 qui
504 1827 646 1912 sepulcro
669 1825 807 1910 insculpi
834 1825 930 1912 jussit
953 1847 986 1890 se
1006 1849 1174 1912 nunqnam
1197 1828 1303 1913 philo·

258 1942 392 2028 sophum
418 1945 574 2011 audivisse
602 1947 627 2032 ²)
659 1949 791 2032 apparet
826 1966 865 2009 ex
898 1945 1078 2029 aequalium
1112 1947 1302 2032 scriptorum

258 2062 449 2128 testimoniis
471 2055 574 2150 neque
597 2068 691 2128 antea
713 2085 816 2149 neque
843 2066 914 2126 tom
936 2062 1171 2147 philosophiam
1191 2068 1302 2153 magni

255 2133 326 2246 ¹fieri
342 2182 427 2266 apud
442 2181 612 2246 Romanos.
629 2181 676 2247 Ut
695 2203 734 2245 ex
753 2180 880 2245 infinita
897 2180 988 2264 copia
1003 2204 1105 2246 uniam
1122 2183 1300 2267 proferam,

258 2301 387 2366 Tacitus
400 2307 509 2367 narrat
520 2324 663 2367 socerum
683 2323 776 2366 suum
787 2299 973 2385 Agricolam
993 2300 1097 2386 prima
1116 2302 1152 2365 in
1165 2302 1302 2385 juventa
1406 2304 1409 2310 ’

257 2421 397 2485 studium
423 2421 640 2507 philosophiae
664 2420 767 2484 acrius
791 2420 875 2483 ultra
907 2441 1003 2503 qnam
1028 2441 1211 2484 concessum
1235 2421 1300 2490 Ro-

258 2561 352 2603 mano
370 2560 407 2602 ac
426 2539 565 2604 senatori
586 2538 727 2602 hausisse
750 2537 785 2601 ni
808 2537 978 2621 prudentia
1001 2537 1113 2602 matris
1135 2538 1301 2605 incensum

257 2679 292 2721 ac
314 2657 505 2741 flagrantem
528 2656 683 2720 amimum
706 2655 892 2720 coercuisset
916 2653 952 2740 ³).
975 2655 1067 2720 Bona
1091 2679 1166 2743 pars
1191 2661 1298 2722 autom

256 2781 412 2842 nontam
441 2776 675 2862 philosophiam
706 2776 808 2860 ipsam
840 2799 936 2860 quam
962 2775 1166 2860 philosophos
1188 2777 1299 2855 cred0‚
1410 2795 1417 2802 '

255 2895 389 2980 pessime
412 2895 496 2973 odit,
525 2895 597 2959 illos
620 2894 697 2978 »qni
720 2893 830 2958 Ourios
857 2893 1010 2958 simulant
1032 2897 1065 2958 et
1086 2894 1298 2960 Bacchanalia
1349 2973 1351 2976 Ι

254 3013 385 3078 vivunt»
414 3002 441 3097 ⁴)
464 3033 661 3096 quorumque
684 3011 784 3076 vitam
807 3011 892 3075 haud
908 3033 984 3074 sane
999 3011 1039 3074 ad
1055 3012 1190 3075 moralia
1205 3035 1298 3098 prae·
1413 3055 1416 3062 ›

255 3137 345 3216 cepta
368 3153 449 3218 qnae
471 3131 707 3215 praedicarent,
734 3129 1003 3195 accommodatam
1020 3130 1115 3194 semel
1134 3134 1166 3193 et
1181 3131 1297 3195 iterum

267 3425 473 3434 ----———-

296 3593 320 3676 1)
341 3599 454 3658 Persius
475 3597 505 3668 Ι,
531 3598 708 3656 las-191.
732 3595 773 3654 Cf.
796 3593 857 3666 ΙΙΙ,
883 3597 1017 3658 77-78.

296 3699 320 3779 ²)
342 3706 456 3762 Patron.
477 3703 535 3760 sa.
562 3704 598 3764 71
622 3701 653 3758 in
675 3701 740 3758 fine.

296 3813 320 3885 a)
341 3809 406 3867 Tac.
430 3808 499 3884 Agr.
513 3827 572 3884 cap.
586 3805 670 3864 act.
684 3803 848 3862 omninode
868 3803 919 3860 hac
941 3821 970 3860 re
991 3795 1209 3860 Farnoalsnnn
1223 3798 1294 3856 Dar-

246 3915 410 3990 stellungcn
426 3912 488 3982 ΙΙΙ,
507 3931 535 3987 p.
565 3913 623 3968 543
646 3928 705 3986 sqq.
733 3911 761 3965 ct
783 3907 932 3983 scriptores
954 3906 996 3963 ibi
1015 3904 1153 3963 laudatos.
1177 3903 1293 3961 Aristid.

251 4019 301 4077 Or.
323 4016 431 4086 XLVI,
454 4034 481 4093 p.
501 4017 559 4077 307
581 4033 641 4091 sqq.
664 4013 721 4069 Dio
744 4011 841 4087 Chrys.
858 4009 906 4068 Or.
920 4009 1016 4080 LXII,
1038 4011 1097 4066 383
1118 4012 1146 4065 et
1166 4008 1241 4076 388,
1257 4006 1293 4065 R.

250 4127 322 4187 cen.
347 4125 385 4183 n.
400 4125 434 4183 A.
457 4124 556 4194 xvir,
583 4125 620 4180 ro
645 4142 674 4179 κ.
702 4141 731 4178 1.
757 4119 782 4178 a.
1284 4093 1290 4104 '

294 4231 318 4303 4)
340 4228 406 4290 Juv.
430 4229 488 4288 Sat.
511 4228 556 4298 II,
581 4231 598 4285 3
622 4245 683 4305 sqq.
