3372 5180
754 524 791 588 31

341 738 496 825 Cocytum
518 744 551 806 et
573 739 687 826 Stygio
708 760 804 804 ranas
824 741 860 804 in
882 740 1010 826 gurgite
1032 739 1156 824 nigrae,

341 861 438 942 atque
459 880 524 922 una
546 857 685 922 transire
707 858 823 923 vadum
845 861 896 923 tot
917 858 1005 923 milia
1028 859 1143 943 cymba

341 998 400 1042 nec
414 977 505 1060 pueri
519 976 669 1055 eredunt,
686 977 749 1041 nisi
763 977 819 1062 qui
833 977 976 1042 nondum
993 999 1064 1042 aere
1076 977 1234 1042 lavantur.

297 1143 372 1209 Non
403 1165 482 1228 opus
508 1147 556 1209 est
583 1144 618 1207 in
642 1165 679 1208 ea
702 1166 736 1209 re
758 1144 939 1228 conjectura
963 1144 1001 1207 de
1023 1114 1151 1208 auctore
1173 1143 1292 1208 consti·

252 1261 388 1341 tuendo,
411 1263 462 1327 vel
484 1263 684 1327 mediocriter
710 1263 820 1328 doctus
841 1261 946 1327 nescio
969 1262 1040 1346 quis
1061 1260 1213 1326 facillimo
1236 1283 1292 1325 ne·

253 1379 340 1464 gotio
363 1401 400 1444 ea
423 1382 455 1443 et
474 1379 563 1464 plura
582 1380 800 1464 hujuscemodi
817 1380 1013 1446 conscribere
1031 1383 1138 1463 potest
1148 1378 1292 1462 nihilque
1334 1373 1336 1377 ’

252 1500 351 1561 restat
365 1500 403 1561 ut
418 1497 560 1561 dicamus
575 1521 671 1582 quam
687 1498 811 1583 Apellis
826 1499 946 1563 dictum
968 1502 1044 1584 πρὸς
1059 1502 1114 1565 τὸν
1127 1499 1291 1583 ζῳγράφον

204 1702 206 1706 .
253 1613 381 1693 ἀθλιον,
399 1612 440 1676 ob
459 1612 578 1677 nullius
593 1614 687 1697 pretii
702 1615 846 1678 tabulam
862 1637 927 1678 uno
939 1615 990 1680 die
1004 1616 1140 1699 pictam,
1158 1635 1292 1698 magnos

254 1723 383 1815 spiritus
405 1735 587 1817 gerentem,
618 1734 772 1817 θαυμάζω
794 1735 877 1809 ὅπως
900 1736 970 1820 οὐχὶ
993 1733 1120 1809 πλείους
1142 1739 1291 1807 τοιαύτας

255 1854 288 1918 ἐν
310 1849 410 1937 ἡμέρᾳ
432 1851 587 1935 ἔγραψας.

298 1967 457 2044 Quoniam
480 1968 558 2033 duce
580 1967 700 2034 infelici
719 1969 858 2053 quodam
871 1969 1006 2035 Luciani
1020 1969 1181 2034 imitatore
1196 1969 1292 2034 semel

254 2089 293 2152 ad
300 2086 418 2150 inferos
425 2090 614 2170 perventum
624 2092 687 2164 est,
701 2087 881 2151 accedamus
889 2086 929 2150 ad
937 2083 1092 2170 Cynicum
1104 2086 1292 2172 Menippum

253 2209 334 2272 forte
355 2209 475 2274 ibidem
498 2207 653 2272 offensum
675 2208 710 2272 in
734 2209 885 2294 Menippo
904 2209 1235 2277 siveNeoromanteia.
1250 2249 1290 2259 -

254 2328 423 2412 Menippus
453 2324 592 2411 Cynicus
622 2326 762 2391 Lucieno
789 2327 921 2392 idoneus
944 2327 1031 2392 visus
1054 2331 1101 2391 est
1125 2349 1220 2412 quem
1245 2306 1318 2392 lo·'

254 2450 403 2530 quentem
425 2446 464 2510 de
485 2445 596 2510 inferis
617 2444 781 2510 induceret
803 2450 933 2530 propter
953 2445 1119 2530 παρῳδίαν
1141 2445 1177 2508 in
1193 2447 1293 2510 unde-

254 2564 368 2629 cimam
392 2563 595 2647 rhapsodiam
619 2561 776 2648 Odysseae
799 2585 894 2648 quam
908 2567 988 2628 teste
1005 2563 1149 2647 Diogene
1164 2538 1293 2627 Laertio

254 2682 483 2766 conscripserat
516 2678 551 2768 ¹).
594 2680 793 2767 Quapropter
829 2704 902 2747 eum
942 2682 1095 2746 Tiresiam
1134 2681 1295 2747 Lucienus

253 2801 340 2865 adire
368 2801 465 2886 fingit
494 2803 531 2865 ut
553 2822 592 2864 ex
614 2821 650 2864 eo
674 2804 838 2885 quaereret
860 2822 941 2885 quae
963 2801 1085 2883 optima
1108 2803 1188 2864 esset
1210 2801 1293 2864 ratio

253 2921 354 2986 vitam
373 2920 518 3006 degendi.
547 2919 609 2984 Sed
624 2920 687 2984 alia
701 2919 799 2984 etiam
815 2921 854 2984 de
868 2899 963 2984 causa
978 2919 1157 2999 deseendit,
1179 2941 1294 3004 nempe

154 3115 155 3118 Ἴ
253 3045 290 3106 ut
323 3041 417 3106 sciret
450 3063 493 3105 an
526 3040 582 3103 illa
616 3061 690 3104 vera
721 3043 826 3104 essent
855 3060 937 3124 quae
968 3038 1006 3103 de
1028 3038 1093 3119 dis,
1123 3061 1294 3124 eorumque

255 3159 433 3240 adulteriis,
467 3157 629 3242 raptibus,
671 3158 782 3222 ceteris
815 3157 926 3233 furtis,
959 3156 1055 3241 vulgo
1082 3159 1292 3225 crederentur.

255 3275 375 3340 Narrat
393 3276 564 3341 acerrimus
576 3276 705 3340 deorum
717 3296 788 3340 osor
803 3297 836 3340 se
851 3274 1017 3340 consilinm
1033 3275 1142 3340 iniisse
1158 3276 1295 3340 adeundi

254 3395 387 3480 Magum
411 3395 580 3479 quemdam
606 3394 724 3480 quippe
750 3393 807 3477 qui
839 3393 1113 3460 incantationibus
1143 3397 1176 3459 et
1198 3394 1293 3459 saeris

254 3513 442 3598 quibusdam
492 3512 566 3578 Oroi
598 3513 681 3578 fores
721 3512 843 3597 aperire
882 3512 997 3597 posset.
1043 3513 1153 3578 Multis
1197 3512 1293 3578 sacris

253 3630 314 3695 rite
342 3631 478 3715 peractis
512 3652 585 3696 cum
625 3651 678 3710 eo,
712 3629 764 3695 cui
799 3627 1028 3694 Mitrobaraani
1067 3651 1185 3695 nomen
1219 3629 1293 3707 dat,

254 3748 374 3815 accedit
396 3750 436 3814 ad
458 3750 546 3816 sedes
568 3750 759 3828 inferorum,
784 3747 920 3833 Dionysi
945 3747 1049 3812 instar
1064 3748 1149 3834 apud
1166 3748 1292 3814 Aristo·

255 3910 472 3922 -ι--μη

232 4028 240 4042 .
295 3974 319 4054 ¹)
342 3979 428 4056 Dicg.
450 3979 544 4038 Iaert.
566 3979 625 4050 VI,
650 3983 683 4050 8,
713 3982 780 4038 101.
804 4011 844 4023 -
867 3978 910 4038 cf.
933 3978 968 4037 dc
989 3977 1137 4057 Menippo.
1163 3978 1292 4056 Menipp.

253 4082 313 4140 und
334 4082 437 4141 Horae.
462 4082 507 4140 ein
529 4081 645 4158 Beitreg
666 4100 716 4140 aur
737 4080 904 4139 Geschichtc
926 4080 979 4138 der
998 4086 1090 4157 satyra
1107 4099 1164 4138 von
1177 4080 1226 4138 Dr.
1238 4080 1290 4142 Th,

254 4182 388 4243 Fritschc.
411 4184 554 4272 Giistrow.
580 4186 673 4249 1871.
