3408 5180
863 533 903 596 72

360 751 442 814 male
464 749 647 816 habitorum
670 747 851 834 susceperit,
875 754 907 814 et
929 749 1091 814 Romanos
1114 770 1286 834 eorumque
1301 771 1404 816 mores

360 871 394 933 in
426 869 549 933 trutina
579 868 729 953 posuerit.
776 867 866 932 Nihil
897 868 983 932 aliud
1014 868 1077 933 nisi
1121 869 1199 933 levis
1247 873 1280 933 et
1316 867 1405 933 omni

360 989 467 1053 stabili
491 992 523 1053 11
546 995 631 1053 01110
655 991 844 1073 argumento
867 1009 977 1052 carens
1000 1010 1037 1053 ea
1057 981 1202 1072 'suspicio
1225 992 1281 1065 est,
1307 1009 1404 1072 quam

361 1132 379 1174 1
403 1109 567 1174 nonnullis
583 1112 704 1173 motam
721 1130 787 1174 esse
804 1108 913 1187 video,
938 1108 1110 1173 secundum
1127 1130 1222 1192 quam
1246 1108 1404 1174 subsertis

361 1229 445 1293 illius
467 1250 602 1314 persona
633 1230 746 1315 quiin
770 1229 970 1294 Hermotimo
999 1230 1067 1314 jam
1099 1229 1279 1314 quindecim
1311 1229 1404 1294 anuis

359 1354 435 1414 ante
458 1349 599 1414 Lucieno
623 1349 841 1434 philosophiae
864 1349 969 1414 studia
991 1349 1227 1413 commendasse
1254 1348 1404 1433 fingitur,

360 1473 393 1533 et
415 1469 504 1534 cuius
527 1490 645 1534 nomen
676 1471 717 1534 ab
740 1472 868 1535 auctore
890 1491 1050 1554 nusquam
1074 1468 1222 1552 traditur,
1245 1468 1327 1533 idem
1352 1467 1405 1532 ille

361 1587 517 1672 Nigrinus
532 1588 655 1653 lateret.
672 1588 697 1674 1)
709 1587 793 1653 Fieri
809 1592 923 1672 potest,
936 1588 990 1653 sed
1002 1609 1065 1672 quo
1079 1575 1408 1672 argumentotandeni

361 1708 544 1790 conjectura
556 1706 612 1771 illa
627 1707 750 1770 nitatur
766 1707 912 1791 equidem
928 1728 995 1771 non
1010 1706 1109 1771 vidae.
1126 1705 1327 1771 Nominatim
1345 1704 1375 1770 N
1377 1704 1405 1767 i-

361 1827 473 1910 grinus
485 1827 621 1891 occurrit
635 1835 805 1910 nusquam,
822 1825 916 1910 quod,
934 1825 1058 1908 opinor,
1074 1825 1194 1889 factum
1210 1827 1405 1908 1111111111-

361 1944 468 2008 sertim
491 1948 653 2021 11111111,
671 1945 698 2008 si
709 1943 865 2029 Nigrinus
876 1947 1002 2008 tantam
1019 1942 1188 2008 1111111111
1204 1942 1405 2027 philosophia

362 2069 443 2129 esset
465 2068 624 2129 assecutus
647 2067 801 2148 quantam
830 2061 1030 2148 cognominis
1059 2061 1157 2126 libelli
1181 2064 1292 2125 auctor
1312 2060 1406 2126 nobis

360 2184 495 2267 probare
525 2187 557 2248 et
579 2181 765 2268 persuadere
796 2181 942 2247 volucrit.
974 2180 1069 2246 Nunc
1092 2181 1125 2244 id
1152 2184 1280 2244 tantum
1304 2181 1406 2254 dicere

361 2325 527 2387 possumus
538 2302 655 2366 famam
669 2301 754 2365 illius
765 2301 860 2365 unico
873 2301 927 2366 illo
942 2300 1049 2365 libello
1063 2300 1134 2379 niti,
1147 2306 1285 2365 ceterum
1298 2304 1405 2364 antem

361 2421 491 2506 urgueri
512 2421 603 2485 illum
626 2420 774 2504 ignotum
797 2421 896 2504 longa
919 2419 974 2482 illa
994 2423 1104 2497 nocte,
1120 2441 1183 2503 qua
1201 2418 1294 2483 multi
1308 2420 1406 2484 fortes

297 2577 298 2581 =
361 2544 436 2604 ante
460 2539 704 2625 Agamemnona
727 2539 888 2616 viventes,
928 2542 1062 2603 «carent
1084 2538 1160 2622 quia
1183 2542 1256 2602 vate
1278 2559 1404 2603 sacro».

404 2660 478 2723 lam
494 2681 589 2743 supra
605 2657 744 2722 diximus
759 2656 951 2742 Epicureos,
971 2695 1009 2706 —-
1019 2679 1095 2722 uam
1109 2657 1178 2740 jani
1199 2657 1240 2722 ad
1254 2658 1329 2724 illos
1352 2680 1405 2723 ve·

360 2779 466 2842 nimus
482 2777 655 2842 secundum
676 2777 820 2842 ordinem
835 2799 854 2840 1
870 2797 993 2841 summo
1008 2775 1089 2842 Jove
1106 2776 1293 2842 institutum
1306 2799 1405 2842 -111

361 2898 509 2963 omnibus
524 2897 719 2983 philosophis
743 2920 762 2962 1
780 2889 921 2961 Lucieno
942 2897 1075 2960 minime
1090 2917 1156 2960 esse
1169 2897 1251 2961 male
1266 2896 1402 2962 habitos.

359 3019 429 3084 Hac
444 3018 479 3082 in
494 3040 527 3082 re
544 3039 669 3104 quoque
684 3017 776 3082 illum
790 3017 914 3082 fidelem
930 3016 1084 3100 temporis
1101 3016 1236 3100 speciem
1252 3016 1404 3101 praebere

360 3137 496 3203 dilucide
518 3141 616 3222 patet.
641 3137 763 3222 Nempe
785 3136 845 3201 hoc
868 3158 925 3220 pro
948 3140 1033 3200 certo
1059 3135 1216 3199 affirmare
1239 3157 1405 3220 possumus

358 3255 536 3322 doctrinam
559 3255 648 3320 illam
671 3277 753 3340 quae
784 3255 981 3339 voluptatem
1013 3276 1172 3318 summum
1195 3255 1316 3319 bonum
1340 3275 1405 3320 esse

362 3515 567 3528 ..ι-ι*

403 3700 426 3778 l)
449 3704 627 3774 Hermotim,
652 3704 683 3762 O.
709 3705 759 3762 24.
785 3735 823 3746 —
846 3702 889 3761 cf.
905 3701 1009 3772 Meus,
1033 3702 1202 3759 Dissertatio
1224 3700 1347 3759 literaria
1369 3701 1405 3760 de

362 3805 480 3863 Luciani
510 3806 611 3864 studiis
641 3812 668 3864 11
702 3805 812 3882 scriptis
842 3804 1031 3881 juvenilibus,
1066 3824 1093 3881 p.
1121 3807 1170 3863 48.
1196 3805 1252 3863 Au.
1274 3805 1403 3864 Priuer.

362 3909 539 3986 quaestiones
560 3910 726 3968 Lucianeue.
750 3909 914 3986 Tubingae‚
941 3912 1033 3968 1810.
1062 3909 1235 3986 Conscripsit
1262 3908 1404 3967 Lucienus

361 4013 590 4084 Hermotimum,
621 4020 653 4072 ut
681 4015 742 4091 ipse
771 4019 910 4072 asseverat
938 4013 980 4087 (C.
1017 4016 1068 4086 13)
1099 4013 1287 4090 quadraginta
1316 4031 1404 4070 annos

362 4120 458 4186 natus;
491 4135 597 4174 annum
635 4117 722 4193 igitur
763 4136 849 4194 agens
888 4117 1052 4175 vicesimum
1093 4121 1203 4174 sextum
1250 4116 1404 4174 secundum

362 4218 609 4295 supralaudatum
633 4220 770 4278 rationem
794 4221 946 4296 Nigrinum
970 4219 1189 4298 conscripsisset.
