3408 5180
820 541 897 616 108Ι

327 769 438 835 Atidio
458 769 648 834 Corneliano
668 770 724 854 qui
750 768 878 854 Syriam
898 772 978 834 tunc
1000 768 1246 836 administrabat
1265 772 1308 858 1);
1332 771 1372 836 ad

327 889 359 953 id
382 888 500 952 bellum
523 887 628 952 Varus
651 888 753 953 Marci
773 887 934 953 Antonini
955 889 1055 954 frater
1070 889 1237 974 adoptivus
1259 893 1375 956 missus

326 1012 383 1074 est.
403 1006 516 1091 Neque
538 1010 647 1070 tamen
659 1006 774 1095 lVerus
795 1007 831 1071 in
853 1007 908 1072 illo
920 1008 1002 1073 bello
1027 1013 1192 1075 strenuum
1210 1016 1243 1077 et
1258 1012 1374 1077 fortem

326 1150 359 1192 se
389 1125 582 1211 praestitisse
612 1127 737 1191 videtur
768 1127 795 1191 si
828 1127 904 1213 quid
940 1128 1095 1192 credimus
1133 1129 1220 1195 Julio
1243 1129 1374 1216 Capito·

325 1247 411 1324 lino,
441 1269 540 1310 «nam
565 1250 733 1330 postquam
756 1245 792 1309 in
820 1245 946 1330 Syriam
970 1247 1114 1312 venitin
1138 1248 1266 1315 delicias
1289 1252 1373 1335 apud

326 1363 534 1428 Antiochiam
567 1366 600 1428 et
633 1363 794 1447 Daphnen
825 1363 905 1428 vixit
932 1367 1101 1450 armisque
1121 1389 1153 1431 se
1176 1368 1374 1452 gladiatoriis

326 1487 358 1548 et
381 1483 550 1548 venatibus
573 1483 713 1548 exercuit
737 1483 813 1547 dum
836 1505 893 1567 per
913 1484 1036 1569 legatos
1051 1486 1170 1550 bellum
1186 1487 1373 1554 Parthicum

327 1605 477 1690 geritur.»
508 1603 542 1668 Si
566 1626 637 1668 cum
658 1625 772 1668 manco
792 1603 872 1669 Julii
892 1601 1065 1688 Capitolini
1083 1607 1266 1672 testimonio
1286 1631 1373 1673 com-

327 1745 477 1809 paramus
489 1745 526 1787 ea
538 1745 619 1807 quae
630 1723 783 1807 leguntur
794 1721 833 1787 de
845 1744 881 1786 ea
897 1744 931 1787 re
943 1724 1027 1807 apud
1039 1723 1175 1789 Dionem
1188 1724 1332 1792 Cassium
1345 1729 1372 1813 ²)
1491 1758 1495 1764 ’

328 1843 537 1927 comperimus
551 1842 738 1926 ,principem
760 1842 921 1927 legatum,
945 1844 996 1907 cui
1019 1843 1052 1907 id
1072 1844 1191 1909 bellum
1211 1849 1290 1910 esset
1301 1869 1374 1930 per·

329 1963 478 2039 missum,
508 1961 605 2026 fuisse
633 1961 785 2026 Avidium
808 1960 969 2040 Cassium,
1001 1964 1057 2047 qui
1083 1969 1138 2030 τὸν
1163 1952 1373 2046 Οὐολόγαισου

328 2083 478 2160 γενναίως
506 2081 665 2163 ὑπέμεινε,
693 2102 828 2165 eumque
851 2103 870 2144 a
893 2080 984 2145 sociis
1006 2082 1190 2148 derelictum
1213 2085 1374 2152 insecutus

328 2206 375 2266 est
396 2203 485 2288 μέχρι
510 2228 542 2267 τε
565 2201 754 2275 Σελευκείας
778 2203 830 2265 καὶ
856 2209 1092 2284 Κτησιφῶντος,
1117 2203 1231 2268 deinde
1249 2208 1374 2270 vastata

327 2321 468 2387 Seleucia
491 2325 524 2386 et
545 2321 691 2399 incensa,
714 2320 836 2405 regiam
849 2320 1015 2406 Vologessi
1031 2344 1111 2406 quae
1126 2322 1161 2388 in
1177 2324 1255 2388 urbe
1272 2323 1373 2389 Ctesi-

327 2441 447 2524 phonte
471 2445 555 2520 erat,
579 2441 645 2506 solo
668 2440 826 2525 aequavit.
851 2439 920 2515 Qua
943 2461 977 2504 re
992 2441 1073 2504 bene
1089 2445 1195 2525 gesta,
1214 2441 1373 2508 Lucienus

327 2560 390 2637 ait,
421 2563 593 2645 postquam
621 2561 786 2644 aliquanto
818 2563 893 2622 ante
919 2560 1010 2644 gravi
1033 2561 1122 2625 clade
1142 2561 1246 2625 attriti
1268 2567 1374 2626 essent

328 2679 468 2745 Romani
483 2679 566 2762 apud
578 2678 735 2764 Elegiam
753 2679 856 2753 οὐδεὶς
868 2681 951 2754 ὅστις
963 2682 1021 2766 οὐχ
1035 2683 1172 2766 ἱστορίαν
1192 2689 1372 2768 συγγράφει,

327 2798 447 2882 phthon
472 2799 505 2865 dt
531 2799 724 2865 Θουκυδίδαι
749 2801 801 2862 καὶ
821 2799 989 2883 Ἡρόδοτοι
1006 2804 1058 2864 καὶ
1077 2802 1281 2883 Ξενοφῶντες
1296 2809 1371 2886 ἡμῖν

326 2922 468 2993 ducerer
492 2924 555 2983 κτὲ.
568 2923 591 3003 ³)
616 2917 771 2982 Attamen
792 2918 885 2982 modo
900 2918 989 3003 loqui
1004 2923 1037 2983 et
1052 2913 1180 2984 narrare
1196 2909 1372 3004 incipiant,

339 3179 341 3185 Ι
372 3106 395 3185 1)
418 3111 472 3170 Iul.
497 3109 648 3187 Capitolia.
672 3109 739 3166 Vita
760 3107 802 3166 M.
827 3109 895 3167 Ant.
921 3108 994 3167 Phil.
1018 3108 1084 3185 Cap.
1104 3112 1130 3168 8.
1154 3109 1213 3187 lpsi
1229 3109 1372 3167 Historiae

330 3217 475 3293 Augustae
497 3215 645 3292 scriptores
656 3212 702 3269 vel
723 3213 893 3270 documento
905 3231 965 3269 esse
986 3218 1119 3288 possunt,
1132 3212 1168 3271 ad
1179 3232 1250 3290 quos
1262 3213 1372 3290 ineptos

328 3319 546 3387 homunciones,
570 3316 687 3374 historia
710 3334 742 3372 eo
764 3320 890 3392 tempore
912 3315 1092 3391 pervenisset.

372 3417 396 3494 2)
419 3422 482 3480 Lib.
505 3421 612 3489 LXXI,
641 3422 669 3478 2.

253 3526 256 3531 ’
370 3513 393 3601 ³]
416 3525 484 3584 Luc.
507 3523 650 3601 quomodo
673 3523 710 3580 sit
731 3520 860 3578 Historia
882 3521 1098 3592 conscribenda,
1123 3522 1154 3580 C.
1172 3525 1200 3580 t.
1223 3524 1291 3580 Non
1314 3531 1372 3582 erat

329 3628 428 3686 servile
457 3627 529 3684 illud
566 3644 650 3703 pecus
679 3623 851 3700 Thucydidis
878 3624 1039 3700 ineptorum
1069 3626 1245 3684 imitatorum
1276 3646 1372 3686 recens

330 3738 356 3788 et
377 3730 553 3798 inauditum,
576 3733 608 3786 ut
630 3727 730 3804 probat
752 3727 850 3785 cicero
872 3726 975 3785 Orator
999 3733 1032 3797 9,
1060 3728 1091 3787 G.
1117 3732 1165 3787 32.
1190 3729 1284 3787 Huius
1299 3731 1371 3804 (scil.

327 3834 511 3910 Thucydidis)
533 3852 617 3891 nemo
640 3851 731 3908 neque
752 3831 920 3901 verborum,
942 3821 1034 3907 neque
1060 3832 1262 3889 sententiarum
1281 3833 1372 3908 gravi-

327 3944 414 3996 tatem
447 3937 590 4005 imitatur,
618 3935 666 3992 sed
700 3954 763 3992 aum
797 3933 897 3991 mutila
927 3934 1063 4010 quaedam
1091 3941 1119 3992 et
1146 3935 1253 3993 hiantia
1284 3935 1372 3993 locuti

329 4046 408 4110 sunt,
439 4059 510 4118 quae
538 4039 583 4096 vel
610 4039 677 4096 sine
697 4038 832 4115 magistro
860 4038 948 4095 lacere
974 4042 1143 4112 potuerunt,
1171 4057 1319 4114 germanos
1342 4058 1371 4095 se

326 4149 427 4221 putant
459 4163 518 4201 esse
547 4141 733 4219 Thucydides.
763 4174 803 4185 -
833 4140 875 4199 cf.
906 4139 992 4215 Verg.
1024 4139 1112 4200 Catal.
1135 4141 1182 4210 ΙΙ,
1207 4143 1239 4211 2,
1268 4143 1370 4217 Thucy·

251 4319 254 4326 ,
328 4248 403 4306 didas
426 4249 588 4304 Britannus.
