3408 5180
826 559 889 625 110

331 774 416 844 facto
443 801 506 864 quo
541 779 733 845 Parthorum
766 780 920 845 exereitus
949 780 1038 845 fusus
1072 782 1264 867 fugatusque
1299 787 1379 847 esset

332 903 406 964 τῶνΙ
418 903 476 981 μὲν
501 901 657 984 πολεμίων
674 903 854 968 ἀποθανεῖν
868 902 1025 986 μυριάδας
1041 906 1121 968 ἑπτὰ
1138 905 1190 966 καὶ
1208 909 1377 988 τριάκοντα

330 1021 382 1083 καὶ
408 1021 441 1096 ἓξ
464 1021 540 1106 πρὸς
564 1030 629 1096 τοῖς
648 1023 829 1102 διακοσίοις,
854 1024 1022 1105 Ῥωμαίων
1047 1023 1080 1089 δὲ
1103 1025 1219 1106 μόνους
1243 1023 1299 1090 (lale
1323 1025 1375 1087 καὶ

328 1142 522 1223 τραυματίας
553 1143 703 1220 γενέσθαι
735 1142 838 1208 ε’ννὲα.
863 1142 889 1226 ¹)
920 1140 1010 1206 Adde
1033 1142 1118 1225 quod
1137 1142 1276 1227 ineptiae
1299 1144 1376 1207 istae

329 1260 486 1324 conscribi
501 1261 648 1340 solerent,
659 1263 751 1327 modo
764 1262 907 1327 oratione
915 1261 990 1326 fieta
1002 1266 1034 1326 et
1041 1261 1147 1326 fuoata
1160 1284 1224 1347 qua
1235 1262 1375 1327 rhetores

326 1379 510 1458 uterentur,
533 1379 579 1444 ita
602 1384 640 1444 ut
669 1381 840 1444 lectoribus
870 1379 1132 1444 obtunderentur:
1157 1385 1191 1446 τὸ
1216 1391 1315 1468 τεῖχος
1339 1382 1372 1448 δὲ

326 1505 419 1568 πεσὸν
453 1504 594 1585 μεγάλως
630 1505 778 1587 ἐδούπησε
813 1507 845 1568 et
879 1502 1017 1569 ’Ἔδεσσα
1047 1507 1105 1586 μὲν
1138 1505 1174 1586 δὴ
1205 1509 1286 1570 οὕτω
1309 1513 1373 1581 τοῖς

324 1621 433 1697 ὅπλοις
457 1633 730 1708 περιεσμαραγεῖτο
755 1626 806 1687 καὶ
831 1626 941 1710 ὄτοβος
964 1619 1003 1705 ἦν
1020 1627 1072 1687 καὶ
1089 1629 1225 1712 κόναβος
1242 1629 1373 1692 ἅπαντα

326 1747 431 1810 ἐκεῖνα
447 1734 482 1829 ²),
499 1745 592 1809 modo
616 1749 723 1808 autem
740 1744 917 1808 sententiae
930 1745 967 1808 de
979 1744 1076 1808 trivio
1088 1750 1234 1830 sumptae
1249 1747 1374 1811 immis-

324 1868 471 1928 oerentur
486 1867 519 1927 et
533 1885 661 1947 prorsus
685 1885 758 1927 oum
775 1862 915 1926 Lueiano
930 1862 1043 1942 facies,
1060 1865 1117 1954 ubi
1132 1865 1281 1929 historias
1296 1866 1373 1931 istas

324 1987 487 2067 comparat
510 2005 583 2048 oum
606 1983 761 2046 histrione
785 1981 908 2066 tragico
926 1981 1025 2046 altero
1040 1982 1119 2066 pede
1134 1983 1198 2048 alto
1214 1985 1371 2050 oothurno

323 2101 447 2166 nitente
474 2101 550 2164 dum
577 2101 713 2164 alterum
742 2098 880 2162 sandalis
909 2099 1092 2164 devinctum
1116 2099 1223 2164 habet.

417 2249 420 2254 ’
456 2249 506 2315 Ite
529 2250 622 2327 hine,
646 2249 776 2325 inanes,
799 2248 844 2312 ite
866 2249 1029 2312 rhetorum
1052 2249 1224 2333 ampullae,

455 2369 568 2434 inflata
590 2391 661 2434 rore
683 2392 749 2433 non
774 2361 915 2433 Achaieo
938 2369 1045 2432 verba.

366 2535 469 2602 Venio
492 2559 580 2601 nune
603 2537 643 2600 ad
667 2525 838 2601 seeundum
862 2535 976 2600 vilium
1005 2558 1072 2601 non
1092 2537 1197 2600 miuus
1218 2537 1368 2601 aoerbaa

320 2654 460 2720 Lueiano
473 2655 506 2718 iu
519 2654 704 2739 aequalibus
715 2653 771 2738 qui
781 2653 933 2717 historiae
941 2653 1054 2717 darent
1062 2675 1191 2738 operam
1204 2658 1366 2718 notatam:
1403 2698 1406 2706 ·

319 2775 454 2839 nimiam
481 2773 753 2858 vaniloquentiam
782 2778 814 2837 et
843 2771 1156 2856 impudentissimum
1191 2773 1367 2838 mentiendi

218 2981 220 2983 Ι
319 2893 469 2958 studium.
491 2892 582 2968 Quod
603 2898 639 2957 ut
656 2893 769 2957 melius
780 2891 1009 2977 perstringeret
1027 2898 1060 2956 et
1073 2891 1256 2957 «Graeoiam
1275 2916 1365 2957 men-

319 3006 427 3078 daoe'm
439 3013 474 3076 in
482 3012 632 3077 historia»
644 3018 823 3097 superaret,
837 3011 996 3078 Lucienus
1004 3011 1154 3076 ridioulos
1162 3011 1232 3077 illos
1242 3013 1365 3077 libellos
1437 3067 1439 3074 ι

318 3134 504 3218 oonsoripsit
520 3135 575 3219 qui
591 3135 650 3199 sub
666 3135 796 3199 nomine
814 3133 978 3217 Ἀληθοῦς
999 3134 1133 3217 ἱστορίας
1152 3132 1315 3217 feruntur,
1328 3133 1364 3196 in

318 3255 434 3340 quibus
442 3278 474 3319 se
482 3255 521 3319 ad
530 3255 695 3320 mendacia
707 3255 886 3340 confugisse
894 3254 1064 3320 confitetur
1072 3253 1178 3339 πολλῷ
1189 3253 1363 3321 τῶνᾶλλων

319 3375 613 3460 εὐγνωμονέστερον,
629 3381 687 3442 κᾶν
705 3378 739 3442 ἓν
756 3379 814 3460 γὰρ
828 3376 865 3456 δὴ
882 3384 973 3442 τοῦτο
993 3361 1157 3457 ἀληθεύσω
1177 3372 1292 3452 λέγων’
1314 3375 1362 3438 ὅτι

318 3497 484 3579 ψεύδομαι.
499 3493 524 3582 3)
537 3495 653 3561 Statim
662 3496 703 3559 ab
710 3495 805 3559 initio
813 3495 847 3558 in
855 3495 958 3578 primo
967 3494 1073 3558 libello
1085 3494 1276 3558 nominatim
1285 3493 1364 3557 citat

318 3637 369 3680 eos
381 3637 460 3700 quos
467 3615 651 3699 praesertim
660 3614 939 3699 significarevult.:
949 3612 1087 3678 Ctesiam
1095 3610 1252 3677 Otesioohi
1260 3612 1362 3677 filium

318 3735 468 3799 Cnidium
499 3736 555 3820 qui
577 3758 615 3802 ea
636 3734 738 3800 literis
761 3734 927 3799 mandavit
948 3733 987 3798 de
1008 3732 1101 3798 India
1124 3736 1145 3798 ἃ
1167 3739 1242 3817 μήτε
1269 3735 1362 3807 αὐτὸς

319 3927 525 3939 nm

360 4048 383 4123 ¹)
407 4049 481 4108 Ibid.
506 4047 538 4110 Ο.
563 4051 613 4109 20.

360 4139 481 4229 ²)1bid.
506 4152 537 4211 ο.
564 4156 614 4214 aa.

360 4259 384 4336 3)
407 4258 495 4318 Verae
518 4258 676 4329 Historiae,
701 4257 731 4330 Ι,
754 4261 783 4317 4.
