3372 5180
764 571 803 636 11

266 790 351 854 inter
373 811 405 854 se
427 788 619 872 comparacis
642 788 718 852 setis
741 790 831 870 patet
854 792 1014 852 auctorem
1038 786 1174 852 Athenis
1196 788 1243 871 (αἱ
1259 786 1306 852 λι-

267 915 365 998 παραί
384 915 436 976 καί
454 912 590 996 αόίδιμοι
605 913 657 975 καί
674 918 728 993 τῆς
744 911 898 987 Ἑλλάδος
914 914 1037 997 ἔρεισμα
1059 910 1095 996 ¹),
1111 909 1307 974 domicilium

267 1034 327 1098 sibi
349 1033 560 1098 constituisse.
585 1031 654 1107 Qua
677 1055 716 1096 ex
738 1033 816 1096 urbe
839 1032 941 1096 animi
963 1054 1057 1097 cause
1080 1055 1172 1118 saepe
1196 1055 1307 1097 excur-

268 1175 357 1230 rens,
391 1152 544 1236 reliquam
578 1173 705 1236 quoque
743 1151 905 1215 Graeciam
937 1152 1077 1236 visebat,
1112 1157 1145 1217 et
1174 1157 1211 1216 ut
1239 1153 1307 1236 ipse

270 1276 439 1349 memoret,
453 1271 566 1356 quecer
588 1272 623 1335 in
647 1272 812 1355 splendido
836 1271 1002 1357 Olympico
1025 1273 1198 1338 cerbamine
1221 1296 1308 1358 spec·

268 1394 353 1455 tator
372 1389 434 1455 fuit
458 1391 495 1473 ²).
519 1390 631 1476 Neque
646 1396 755 1455 comen
771 1401 914 1456 senectus
937 1392 1059 1477 placida
1082 1396 1177 1477 etque
1201 1392 1309 1476 quiece

267 1508 445 1574 Lucianum
463 1509 628 1586 manebat,
650 1510 703 1574 sed
727 1532 826 1594 quum
852 1514 1048 1593 premeretur
1069 1515 1254 1595 paupertate
1277 1515 1309 1576 et

161 1643 163 1650 ’
228 1637 230 1642 ’
269 1628 343 1712 quia
377 1632 414 1691 uc
436 1630 503 1712 ipse
537 1628 683 1693 hilariter
717 1633 814 1713 atque
844 1630 951 1713 jocose
981 1632 1137 1718 παρῳδῶν
1168 1637 1225 1713 τὴν
1254 1638 1308 1696 τοῦ

270 1753 445 1837 Εὐριπίδου
480 1753 629 1835 Μήδειαν
665 1756 837 1829 memorem,
874 1755 969 1820 πενία
1004 1754 1038 1818 δὲ
1069 1754 1214 1839 κρείσσων
1246 1756 1309 1819 τῶν

271 1876 351 1954 ἐμῶν
364 1871 586 1958 βουλευμάτων
599 1873 641 1960 ³),
657 1896 750 1938 ausus
763 1877 810 1938 est
821 1873 1010 1938 subductum
1023 1872 1099 1938 olim
1112 1872 1309 1956 navigiolum

269 1991 385 2055 iterum
420 1992 572 2056 deducere
605 2003 637 2056 et
671 2015 728 2077 pro
763 1993 854 2076 copia
883 1993 1076 2057 instructum
1105 1992 1140 2054 in
1171 1991 1310 2054 medium

271 2131 357 2172 mare
394 2109 561 2174 dimictere.
598 2110 649 2174 Ad
683 2111 834 2174 ultimum
867 2114 975 2174 temen
1012 2110 1060 2174 illi
1090 2110 1126 2173 in
1156 2132 1191 2174 re
1220 2110 1311 2174 tenui

270 2226 429 2304 versanti,
445 2232 540 2311 etque
559 2228 735 2293 errabundo
751 2232 788 2292 ut
807 2233 917 2306 antea,
934 2227 1155 2292 munificentia
1170 2225 1311 2292 Caesaris

270 2368 387 2410 munus
417 2337 580 2429 publicum
611 2347 752 2410 deletum
781 2350 836 2410 esc.
867 2346 916 2410 Ee
940 2367 1066 2431 quoque
1088 2345 1127 2409 de
1148 2367 1183 2410 re
1205 2345 1310 2429 ipsum

269 2464 444 2530 audiamus,
474 2465 594 2545 ”Εγωγ’
626 2461 680 2533 οὖν
705 2471 732 2531 εἰ
755 2467 907 2558 σκέψαιο,
937 2465 1058 2548 δόξαιμ’
1081 2469 1122 2531 οίυ
1147 2489 1192 2530 σοι
1216 2467 1251 2530 οὐ
1274 2470 1309 2528 τὸ

269 2595 472 2674 σμικρότατον
503 2595 557 2670 τῆς
588 2590 775 2668 Αἰγυπτίας
806 2594 920 2672 ταύτης
943 2590 1038 2675 ἀρχῆς
1064 2570 1308 2674 ἐγκεχειρίσθαι,

269 2713 324 2784 τὰς
357 2709 445 2784 δίκας
475 2713 608 2788 εἰσάγειν
641 2713 694 2773 καί
736 2711 825 2784 τάξιν
857 2710 969 2782 αὐταῖς
998 2714 1055 2790 τὴν
1096 2715 1308 2793 προσήκουσαν

269 2830 447 2896 ἐπιτιθέναι
483 2831 535 2892 καί
567 2834 631 2894 τῶν
660 2828 884 2914 πραττομένων
909 2830 960 2892 καί
986 2828 1161 2910 λεγομένων
1183 2829 1309 2904 ἁπαξα-

269 2956 397 3015 πάντων
420 2955 628 3030 ὑπομνήματα
651 2955 826 3032 γράφεσθαι
850 2950 903 3012 καί
927 2955 982 3022 τάς
1006 2973 1039 3011 τε
1063 2947 1221 3031 ῥητορείας
1245 2952 1308 3013 τῶν

271 3070 551 3149 δικαιολογούντων
583 3071 749 3154 ῥυθμίζειν
773 3071 826 3133 καί
851 3071 906 3142 τὰς
930 3077 983 3133 τοῦ
1007 3073 1157 3153 ἄρχοντος
1180 3072 1309 3147 γνώσεις

270 3195 345 3275 πρὸς
376 3195 410 3255 τὸ
441 3191 634 3271 σαφέστατον
658 3193 723 3272 ἅμα
747 3191 799 3252 καί
823 3188 1047 3276 ἀκριβέστατον
1070 3191 1125 3254 οὐν
1148 3189 1248 3252 πίστει
1272 3197 1312 3274 τῇ

269 3314 396 3399 μεγίστῃ
427 3310 652 3394 διαφυλάττειν
684 3313 737 3375 καί
769 3311 978 3396 παραδιδόναι
1003 3310 1134 3392 δημοσίᾳ
1157 3313 1232 3394 πρὸς
1256 3312 1310 3375 τὸν

271 3435 320 3498 οἰεί
352 3437 463 3520 χρόνον
496 3431 742 3515 ἀποκεισομένας
773 3431 800 3518 4)
816 3480 915 3495 .....
949 3433 1002 3495 καί
1034 3433 1074 3494 τὰ
1103 3433 1181 3514 μετὰ
1212 3438 1312 3494 ταῦτα

314 3939 338 4015 1)
359 3940 506 3998 Demosth.
529 3939 716 4013 Encomium‚
743 3942 810 4019 Cep.
837 3945 886 4001 10.

315 4042 338 4117 2)
361 4044 404 4101 De
424 4049 514 4101 meme
536 4045 696 4121 Peregrini,
721 4045 788 4122 Cap.
807 4049 862 4104 ¹35.

315 4151 339 4223 ³)
362 4147 445 4224 Apol.
469 4166 519 4224 pro
542 4167 625 4207 merc.
649 4148 732 4207 cond.
745 4149 811 4226 Cep.
826 4153 875 4209 10.
889 4183 929 4194 -
941 4150 982 4209 Of.
997 4150 1100 4220 Herc,
1121 4149 1187 4226 Cep.
1204 4152 1230 4207 8.

315 4252 339 4328 4)
362 4249 437 4309 Ibid.
461 4251 528 4330 Cap.
557 4253 605 4314 12.
619 4248 904 4323 -Ιίιιιοουίυοοο,
923 4253 1143 4330 Derstellungen
1167 4272 1195 4311 u.
1216 4272 1238 4312 s.
1254 4273 1288 4318 w,
