3372 5180
667 658 670 663 -
788 616 807 682 5

277 837 436 913 exerceat,
467 855 712 919 nonnumquam
746 835 782 899 in
812 858 849 900 ea
871 857 905 900 re
927 840 1051 919 peccat,
1076 837 1161 920 quod
1184 839 1316 904 damnat

276 973 332 1029 ea,
363 975 445 1037 quae
471 975 585 1036 parum
614 952 711 1018 habet
734 954 863 1038 cognita
870 981 878 1033 ;
910 953 994 1039 quod
1017 975 1114 1039 quum
1137 955 1216 1021 facit
1245 977 1318 1021 cum

276 1071 346 1136 aliis
378 1075 426 1136 est
455 1073 687 1156 comparandus
718 1077 755 1136 ut
784 1073 862 1157 quid
892 1074 927 1138 in
956 1072 1019 1137 illis
1049 1096 1131 1158 quae
1160 1076 1317 1158 proferat,

275 1212 405 1268 verum,
443 1191 520 1278 quid
558 1212 625 1255 non
664 1191 722 1268 sit,
758 1193 891 1256 eluceat.
937 1190 1083 1277 Denique
1119 1193 1147 1257 is
1180 1197 1228 1258 est
1262 1196 1318 1280 qui

274 1310 436 1375 fastidiose
469 1311 578 1375 omnia
609 1310 674 1374 fere
704 1315 911 1376 contemnens
933 1313 1074 1375 attamen
1098 1312 1146 1376 nil
1178 1314 1317 1378 «rectius

274 1429 344 1494 istis
371 1430 539 1511 noverit»,
570 1451 706 1516 eumque
739 1429 839 1514 igitur
865 1429 985 1514 optime
1012 1452 1195 1514 comparare
1217 1433 1317 1515 possis

274 1571 345 1613 cum
370 1571 483 1632 parum
506 1549 609 1631 perito
633 1548 754 1613 medico
781 1548 837 1633 qui
869 1537 1010 1633 grariter
1037 1549 1218 1634 aegrotanti
1240 1551 1317 1614 assi-

274 1668 369 1746 dens,
400 1667 486 1732 hunc
517 1669 582 1732 fere
615 1667 650 1731 iu
684 1668 814 1731 modum
846 1690 920 1733 cum
953 1667 1008 1731 illo
1042 1677 1167 1752 ageret:
1203 1689 1326 1757 cauare

274 1785 419 1871 equidem
434 1788 466 1850 te
482 1807 547 1849 non
563 1807 710 1871 possum,
733 1786 809 1871 quia
825 1786 929 1850 morbi
944 1807 1070 1850 oausam
1086 1808 1151 1850 nou
1167 1786 1315 1864 invenio,

273 1907 417 1967 attamen
448 1923 568 1986 magna
597 1903 790 1966 contumelia
813 1903 983 1967 verborum
1005 1903 1179 1968 afficiamus
1205 1926 1315 1969 omnes

273 2026 305 2086 et
334 2022 462 2101 omnia,
497 2023 630 2086 fortasse
667 2021 779 2086 melius
811 2021 890 2084 tibi·
907 2020 984 2099 erit,
1019 2024 1075 2085 aut
1109 2022 1221 2086 saltem
1247 2044 1314 2087 non

272 2139 405 2206 moriere
427 2139 559 2204 inultus.

321 2258 364 2322 De
401 2258 501 2342 ipsius
538 2257 673 2322 Luciani
710 2257 777 2320 vita
815 2278 916 2340 pauca
948 2256 1042 2320 nobis
1075 2257 1192 2352 tradita
1227 2263 1312 2324 sunt.

272 2376 429 2461 Aequales
452 2377 534 2441 nihil
557 2377 668 2440 dicunt
690 2375 729 2439 de
752 2396 807 2450 eo;
831 2374 984 2459 aequioris
1003 2376 1116 2440 aetatis
1133 2376 1311 2461 scriptores,

271 2516 343 2559 eum
362 2500 399 2558 ut
418 2494 608 2560 acerrimum
625 2493 881 2558 Christianorum
893 2496 925 2556 et
936 2493 1098 2557 doctrinae
1111 2491 1312 2560 Christianae

269 2615 529 2698 impugnatorem
560 2613 642 2676 male
670 2612 823 2693 oderunt,
855 2632 919 2694 quo
952 2611 1073 2676 factum
1104 2616 1151 2676 est
1185 2617 1222 2676 ut
1256 2617 1312 2678 aut

269 2732 401 2797 omnino
430 2731 513 2795 nihil
544 2731 583 2794 de
615 2751 652 2794 eo
685 2729 885 2808 rettulerint,
923 2732 979 2792 aut
1012 2729 1039 2794 si
1072 2729 1150 2814 quid
1184 2730 1310 2808 dicant,

269 2850 400 2915 nonnisi
430 2848 665 2915 contumeliosis
688 2847 792 2912 verbis
815 2847 1011 2911 mentionem
1040 2847 1078 2911 de
1105 2869 1141 2915 eo
1167 2847 1314 2937 fecerint,

269 2969 373 3045 Quam
407 2969 448 3032 ob
488 2989 615 3032 causam
650 2988 717 3031 non
750 2965 889 3029 multum
923 2964 998 3028 fidei
1026 2964 1233 3030 tribuendum
1263 2972 1311 3032 est

269 3087 384 3154 Suidae
408 3110 436 3152 v.
462 3109 488 3151 c.
512 3085 696 3150 testimonio
718 3084 774 3169 qui
797 3106 886 3161 eum,
909 3085 993 3169 quod
1017 3081 1206 3149 Christianis
1229 3087 1311 3150 male

268 3208 392 3271 locutus
423 3209 520 3283 esset,
555 3227 574 3268 a
601 3203 733 3269 canibus
760 3203 963 3266 dilaceratum
991 3202 1091 3280 dixit,
1128 3208 1194 3268 ἐπεὶ
1229 3209 1310 3268 κατὰ

270 3339 323 3411 τῆς
358 3328 511 3412 ἀληθείας
546 3327 721 3410 ἐλύπησεν.
757 3325 783 3410 ¹)
829 3323 889 3388 Sed
930 3314 1018 3406 ipse·
1041 3325 1144 3388 bonus
1196 3323 1310 3389 Suidas

270 3449 347 3512 haec
368 3447 549 3531 proferena,
572 3445 702 3529 opinor,
736 3445 833 3530 λυττᾲ
865 3449 945 3510 κατὰ
976 3457 1029 3528 της
1060 3446 1223 3530 ἀληθείας.
1255 3443 1311 3508 Nil

269 3572 370 3656 igitur
389 3569 547 3654 reliquum
568 3571 632 3646 est,
653 3589 749 3653 quam
768 3570 805 3630 ut
818 3565 938 3649 judicia
956 3565 1134 3645 Lactantii,
1157 3564 1272 3629 Suidae
1284 3563 1309 3650 ἵ)

268 3813 476 3824 ......----

311 3978 335 4052 1)
384 3976 627 4043 Sounnrnronr,
678 3970 875 4048 Ausgewthltc
917 3967 1055 4026 Schriften
1098 3967 1148 4024 dee
1190 3965 1307 4023 Luciau.

270 4084 311 4138 1⁶·
333 4079 486 4138 Btindchen
506 4098 534 4156 p.
557 4077 609 4136 XI.

309 4185 335 4259 2)
365 4183 407 4242 Cf.
430 4183 468 4241 K.
492 4182 528 4240 G.
551 4181 662 4249 lucos,
693 4175 913 4236 Charakteristik
935 4175 1057 4232 Lucieno
1077 4192 1133 4230 von
1155 4171 1309 4232 Samosata.

265 4309 292 4366 s·
317 4291 337 4344 4
360 4305 420 4363 squ·
