3372 5180
779 560 822 624 45

275 747 454 814 valuerunt.
493 745 682 834 Superstitio
721 749 839 814 mirum
877 750 912 815 in
951 751 1081 814 modum
1119 751 1315 836 augebatur,

276 869 455 934 Alexander
478 875 511 935 at
533 871 686 956 quidquid
709 875 778 936 erat
800 875 1014 936 veteratorum
1033 872 1320 956 degenereeodem

276 989 311 1054 in
335 1012 452 1075 magno
475 991 595 1056 honore
617 991 835 1068 habebantur,
859 1013 959 1075 genus
982 991 1166 1074 potentibus
1184 990 1319 1054 infidum

277 1110 477 1193 sperantibus
509 1111 624 1188 fallax,
660 1109 890 1175 Chaldaeorum
926 1111 1037 1176 Tacito
1071 1114 1200 1175 auctore
1226 1111 1321 1174 semel

278 1232 373 1312 atque
403 1229 518 1293 iterum
548 1233 685 1294 vetatur.
717 1228 825 1314 Atque
854 1234 963 1294 tanuen
990 1229 1075 1293 idem
1098 1229 1151 1294 ille
1174 1229 1319 1308 Tacitae,

278 1348 432 1432 quidquid
462 1359 531 1414 erat
560 1349 694 1414 fabulosi
727 1353 759 1434 et
790 1349 856 1414 ficti
887 1351 1021 1433 pessime
1052 1371 1180 1427 exosus,
1210 1353 1320 1413 tamen

278 1465 352 1548 quia
375 1466 514 1550 vulgatis
535 1465 725 1549 traditisque
748 1465 842 1528 fidem
855 1465 979 1528 demere
990 1488 1055 1530 non
1070 1466 1182 1543 audet,
1195 1489 1258 1550 quo
1271 1467 1321 1530 dic

277 1583 421 1648 Bedriaci
449 1586 630 1649 certabatur
653 1606 743 1648 avem
766 1583 932 1648 invisitata
955 1584 1056 1668 specie
1079 1569 1162 1668 apdd
1183 1585 1319 1670 Regium

277 1704 431 1788 Lepidum
452 1705 569 1769 celebri
588 1705 659 1769 luco
682 1704 858 1769 consedisse
874 1708 1046 1781 memorat,
1059 1726 1118 1768 nec
1129 1705 1269 1768 ablatam
1282 1726 1320 1768 ex

278 1823 1320 1910 oeulisnisipostquamOtboseipseinterfecisset.¹)ldemalioloco

277 1940 428 2006 miracula
445 1943 545 2005 multa
556 1943 663 2026 prodit
675 1941 887 2006 Alexandriae
900 1946 981 2007 l'acta
994 1964 1092 2025 quum
1108 1943 1321 2028 Vespasianus

276 2059 322 2123 ibi
341 2061 431 2125 statis
450 2061 577 2126 aestivis
595 2061 725 2125 flatibus
743 2061 809 2125 dies
822 2065 854 2124 et
867 2065 952 2126 certa
966 2061 1062 2125 maris
1074 2061 1271 2146 opperiretur
1283 2062 1319 2148 ²),

278 2183 309 2244 et
331 2181 420 2245 addit
441 2181 512 2246 illos
535 2181 590 2266 qui
604 2181 811 2247 interfuerint
826 2203 912 2245 nunc
928 2203 1053 2266 quoque
1064 2182 1100 2244 id
1117 2181 1221 2264 ipsum
1237 2203 1320 2244 asse-

276 2322 386 2366 verare
417 2307 586 2387 postquam
616 2303 738 2366 nullum
765 2301 932 2366 mendacio
955 2301 1140 2384 praemium.
1166 2299 1320 2365 Miracula

277 2422 394 2504 passim
425 2426 456 2487 et
486 2423 583 2507 vulgo
605 2422 691 2486 credi
714 2426 746 2486 et
768 2444 804 2485 ea
827 2443 908 2506 quae
929 2411 1058 2484 laudavi
1080 2423 1113 2482 ct
1134 2418 1321 2484 Philostrati

278 2560 355 2623 opus
371 2540 409 2603 de
422 2539 591 2624 Apollonio
603 2537 765 2624 Tyanensi
776 2537 868 2602 nobis
880 2538 1069 2602 documento
1082 2558 1147 2601 esse
1160 2541 1265 2621 potest
1273 2565 1282 2616 ;
1296 2539 1320 2623 3)

277 2656 424 2742 Longum
461 2660 509 2720 est
546 2656 655 2720 omnia
692 2657 822 2720 laudare
861 2660 892 2720 et
923 2678 1106 2720 enumerare
1137 2655 1320 2719 testimonia

278 2798 357 2861 quae
381 2773 499 2858 passim
522 2776 606 2859 apud
630 2797 740 2838 omnes
761 2779 932 2840 occurrunt
954 2775 993 2838 de
1005 2774 1066 2837 fide
1077 2774 1187 2838 habita
1199 2775 1320 2859 magis,

246 2915 248 2919 ’
278 2895 430 2973 oraculis,
461 2894 700 2979 haruspicibus,
732 2894 864 2958 somniis
895 2893 1040 2977 denique.
1069 2892 1154 2969 Quin
1182 2899 1219 2958 ut
1241 2894 1320 2958 illud

278 3019 407 3082 tantum
444 3015 558 3078 addam
597 3013 755 3077 Lucienus
791 3014 858 3098 ipse
896 3013 980 3077 vitae
1018 3012 1174 3077 rationem
1217 3016 1322 3077 mutat

279 3134 402 3198 somnio
424 3133 616 3220 ,admonitus
649 3137 681 3197 et
710 3133 798 3197 nulla
829 3137 934 3197 aetate
962 3131 1095 3196 Homeri
1118 3132 1196 3196 illud
1219 3133 1322 3216 magis

279 3265 407 3338 gratum
428 3257 461 3317 at
476 3245 639 3336 acceptum
656 3256 738 3316 erat:
756 3255 808 3317 καὶ
825 3260 883 3338 γάρ
902 3251 930 3316 τ’
945 3254 1022 3337 ὄναρ
1040 3255 1072 3316 ἐκ
1089 3257 1164 3326 Διό.Ι
1182 3255 1275 3317 ἐστιν.
1293 3249 1318 3336 4)

323 3372 528 3457 Quocumque
557 3371 657 3456 igitur
683 3371 788 3436 oculos
810 3371 980 3448 vertimus,
1003 3371 1146 3434 videmus
1176 3369 1320 3434 homines

278 3514 378 3578 paene
400 3492 564 3557 universos
584 3513 690 3556 rerum
713 3513 874 3556 sacrarum
897 3493 994 3574 atque
1015 3489 1196 3554 divinarum
1219 3489 1320 3554 studi-

320 3822 342 3901 ¹)
366 3827 444 3887 Hist.
466 3827 512 3898 II,
538 3830 587 3886 50.

320 3925 343 4005 ²)
366 3931 441 3990 Ibid.
464 3931 521 4000 IV,
547 3932 596 3989 81.

321 4038 344 4105 3)
368 4034 410 4092 Of.
433 4032 633 4102 Hrarzanau,
657 4031 703 4102 II,
734 4036 789 4102 70,
817 4035 866 4096 71.

322 4135 346 4213 4)
369 4138 410 4196 Of.
434 4137 507 4196 Plin.
528 4137 580 4214 up.
604 4136 656 4195 VI.
683 4135 747 4212 tlt.
771 4135 812 4195 11.
837 4135 923 4215 toll.
946 4137 976 4209 1,
1002 4139 1051 4195 18.
1074 4136 1152 4194 Suet.
1182 4135 1244 4195 Tib.
1270 4139 1320 4196 69.

279 4241 406 4304 Juvenal.
429 4241 485 4314 VI,
511 4245 586 4312 553,
609 4241 650 4312 X,
676 4244 725 4302 94.
