3408 5180
898 563 940 632 el

398 789 490 855 illum
521 789 656 875 δρασμοῦ
680 788 823 866 incusat,
848 787 1072 852 accusatricem
1094 808 1134 850 ne
1158 785 1290 850 verbum
1315 783 1443 869 quidem

343 925 348 934 ’
400 909 530 972 muttire
564 907 656 983 sinit,
689 906 742 970 sed
776 907 887 971 statim
922 905 1079 970 exclamat
1113 905 1173 985 ἐγὼ
1209 905 1325 972 αὐτίκα
1355 901 1441 986 μάλα

401 1030 530 1104 πατάξω
568 1035 611 1112 τῷ
634 1026 729 1112 ξυλῳ,
775 1026 872 1111 plane
908 1025 1021 1088 similis
1050 1023 1181 1089 Herculi
1210 1022 1445 1108 Aristophaneo

292 1141 295 1148 ⁴
402 1148 465 1226 1111,
503 1148 559 1231 qui
581 1147 706 1230 legatus
729 1146 841 1210 missus
868 1147 938 1230 περὶ
963 1144 1146 1224 διαλλαγῶν·
1174 1142 1341 1209 confestim
1373 1163 1446 1207 enm

403 1266 533 1350 quicum
570 1264 608 1329 de
649 1286 725 1348 pace
759 1263 821 1329 sibi
855 1265 1095 1329 deliberandum
1129 1268 1210 1328 essct
1244 1260 1445 1346 strangulare

404 1385 506 1450 voluit
517 1385 551 1470 1).
575 1421 620 1432 -
652 1382 843 1468 Peregrinus
878 1383 1030 1466 Proteus,
1068 1383 1124 1468 qui
1147 1383 1224 1447 olim
1246 1381 1447 1447 Christianus

403 1503 534 1589 posthcc
565 1501 705 1591 Cynicus
728 1509 760 1567 et
782 1503 853 1567 ideo
877 1525 943 1567 nou
968 1525 1034 1567 uuo
1060 1501 1188 1567 nomine
1210 1501 1351 1566 Luciano
1375 1499 1447 1563 odio

406 1628 474 1688 erat
497 1627 529 1688 et
551 1622 586 1687 in
611 1623 800 1707 cognomine
823 1623 930 1687 libello
954 1627 985 1687 et
1007 1623 1048 1686 in
1062 1642 1098 1686 eo
1111 1622 1163 1686 cui
1175 1643 1292 1685 nomen
1303 1619 1448 1704 Fugitivi

405 1742 538 1827 pessime
573 1741 748 1826 mulcatur,
783 1763 979 1826 quamquam
1014 1743 1055 1806 ab
1086 1741 1148 1805 alio
1171 1741 1312 1804 eiusdem
1334 1731 1449 1803 aetatis

406 1862 558 1946 scriptore
581 1861 630 1926 vir
652 1861 758 1946 gravis
781 1864 876 1944 atquc
899 1866 1047 1926 constans
1060 1861 1262 1937 nominatur,
1275 1847 1450 1942 quemipse

407 1984 516 2044 auctor
545 1964 640 2044 «cum
663 1981 845 2062 frequenter
871 1980 910 2043 ad
934 2002 1006 2044 eum
1030 1979 1203 2044 ventitaret
1223 1977 1323 2041 multa
1345 1976 1450 2041 hercle

407 2098 564 2163 dicentem
587 2097 710 2162 utiliter
732 2103 764 2161 et
775 2097 906 2162 honeste
918 2098 1105 2163 audivisset»
1130 2093 1154 2183 ²)
1177 2096 1317 2162 Lucieno
1342 2101 1449 2161 autem

404 2217 570 2303 judicandi
592 2218 674 2281 ratio
701 2218 779 2282 haec
791 2223 854 2282 est:
877 2218 1007 2283 simodo
1020 2217 1274 2283 Christianorum
1286 2217 1450 2283 doctrinae

410 2338 526 2403 assecla
554 2342 652 2416 esset,
687 2342 768 2402 esset
791 2339 874 2422 quod
899 2339 963 2404 alto
987 2338 1153 2422 supercilio
1176 2337 1450 2403 commiseratione

409 2478 482 2520 eum
516 2457 650 2540 dignum
684 2479 845 2535 censeam,
882 2463 915 2522 at
947 2480 1020 2522 vero
1051 2456 1190 2542 Cynicus
1220 2457 1316 2522 etiam
1350 2479 1449 2542 quum

409 2576 468 2654 sit,
499 2597 565 2639 non
596 2577 732 2660 amplius
767 2582 815 2641 est
849 2578 1034 2642 audiendus.
1063 2577 1149 2642 Nam
1172 2577 1296 2661 saepius
1330 2576 1449 2662 legenti

410 2715 504 2777 supra
552 2693 716 2757 laudatum
764 2683 907 2758 libellum
946 2695 1082 2760 dilucide
1116 2698 1205 2778 patet
1239 2717 1305 2759 non
1339 2698 1450 2758 contra

411 2811 608 2876 Christianos
642 2813 795 2897 scriptum
830 2834 896 2878 esse
930 2814 1074 2899 quinon
1097 2813 1159 2878 uisi
1183 2813 1285 2877 obiter
1308 2817 1449 2896 tangun-

410 2936 480 3010 tur,
497 2931 592 2995 idum
627 2930 741 3019 Cynici
775 2933 871 2997 etiam
914 2937 1009 3018 atque
1044 2933 1142 2997 etiam
1178 2936 1396 2997 memorantur
1419 2936 1452 2998 et

410 3051 658 3135 impugnantur,
690 3056 727 3115 ut
757 3052 794 3116 de
832 3051 895 3116 illis
929 3051 1035 3136 opima
1066 3051 1167 3136 spolia
1189 3055 1390 3136 reportentur
1412 3052 1448 3139 ³).

408 3171 484 3236 Jam
507 3172 604 3264 semel
622 3174 726 3255 satque
752 3171 868 3235 iterum
890 3171 988 3236 locuti
1012 3193 1120 3235 sumus
1134 3171 1172 3234 de
1184 3171 1264 3234 Jove
1276 3171 1449 3249 confutato,

411 3312 447 3356 eo
482 3314 608 3377 quoque
641 3291 766 3377 dialogo
797 3290 957 3354 Lucienus
993 3291 1070 3353 duos
1104 3289 1202 3353 laedit
1224 3288 1260 3352 in
1287 3311 1351 3352 uno
1374 3312 1450 3353 nam

410 3413 657 3478 homuncionem
679 3434 774 3499 quem
797 3411 842 3475 ibi
862 3411 973 3474 lovem
986 3410 1018 3473 in
1033 3410 1197 3494 angustias
1210 3408 1450 3493 compellentem

408 3532 560 3612 vidimus,
584 3554 679 3617 quem
708 3519 848 3595 «catelli»
876 3530 1005 3594 nomine
1026 3529 1151 3594 inducit
1163 3528 1334 3616 (κυνίσκρς)
1349 3527 1450 3592 multo

414 3771 618 3782 —n——-—

452 3951 475 4022 Ι)
499 3948 641 4025 Aristoph.
667 3949 749 4007 Ares.
775 3950 872 4018 1575,
898 3949 989 4010 1578.

450 4056 473 4126 2)
495 4051 536 4109 of.
561 4052 693 4111 11111.
718 4053 753 4110 A.
776 4052 850 4122 111,
877 4053 925 4111 11.
950 4085 987 4095 -
1012 4051 1053 4111 11.
1076 4052 1231 4123 aarum,
1256 4051 1324 4112 uuo.
1350 4031 1379 4111 a.
1405 4052 1452 4110 ure

408 4154 548 4230 Kynikcr,
571 4175 599 4232 p.
625 4159 759 4214 ca-ct.

449 4261 473 4335 ³)
494 4257 535 4316 (11.
559 4257 715 4329 Burrum,
739 4257 852 4337 passim.
