3372 5180
515 1351 735 1452 OAPUT
774 1352 1047 1450 PRIMUM.

308 1934 553 2018 Inspioieutibus
585 1934 706 1998 libellos
740 1934 796 2018 qui
824 1934 864 1997 ad
894 1934 977 1997 hano
1007 1933 1145 2017 primum
1175 1937 1298 2017 partem

264 2053 484 2118 illustrandam
514 2053 677 2138 pertinent
706 2053 840 2117 dilucide
869 2053 992 2136 patebit
1022 2029 1199 2117 Luoi'anum
1228 2052 1299 2116 illos

264 2173 426 2238 scribendo
451 2174 585 2257 πόλεμον
608 2174 767 2240 ἄσπονδον
799 2177 850 2237 καὶ
875 2175 1049 2258 ἀκήρυκτον
1080 2171 1230 2236 indixisse
1253 2171 1301 2234 dis

264 2297 296 2357 et
318 2294 435 2358 deabus
456 2315 535 2378 quos
550 2292 676 2377 antiqui
692 2290 804 2357 Graeci
818 2292 918 2356 colare
934 2293 1087 2357 solebant.
1105 2291 1137 2357 N
1138 2315 1180 2356 on
1196 2293 1301 2377 longis

264 2413 451 2498 ambagibus
474 2413 653 2489 verborum,
676 2411 798 2495 opinor,
822 2433 901 2495 opus
915 2411 975 2475 erit
997 2411 1037 2474 ad
1048 2411 1132 2475 hane
1143 2434 1210 2476 rem
1226 2434 1299 2494 pro-

264 2532 411 2596 bandam.
448 2530 651 2614 lmplaeabile
682 2529 790 2593 odium
813 2533 853 2594 'et
886 2528 1067 2594 fastidiosus
1101 2533 1302 2613 contemptus

266 2651 313 2716 vel
354 2673 392 2715 ex
441 2649 592 2714 conviciis
641 2649 756 2733 quibus
805 2649 878 2713 deos
923 2648 1060 2733 deasque
1093 2649 1128 2712 iu
1176 2672 1301 2715 soeuam

262 2771 452 2854 prodeuntes
490 2769 539 2833 uti
566 2768 662 2853 fingit
691 2767 769 2831 satis
799 2788 955 2851 superque
986 2771 1151 2850 apparent.
1184 2767 1301 2834 Omnes

262 2889 365 2965 enim,
404 2887 552 2972 Juppiter
589 2891 621 2950 et
650 2887 736 2950 Juno
765 2890 798 2950 et
827 2885 929 2950 ueteri
955 2892 1090 2972 μάκαρες
1125 2890 1194 2955 θεοὶ
1231 2893 1299 2956 αἰὲν

263 3016 365 3086 ἐόντες
399 3011 503 3076 verbis
537 3008 707 3073 admodum
741 3007 833 3071 humi
870 3009 1054 3091 repentibus
1080 3013 1112 3074 et
1142 3011 1181 3073 de
1207 3010 1302 3075 trivio

261 3132 397 3216 sumptis
425 3131 511 3197 inter
540 3153 606 3196 sese
635 3130 892 3195 confabulantur.
922 3130 961 3195 Iu
990 3132 1157 3224 undecimo
1180 3133 1302 3217 dialogo

261 3249 351 3313 verbi
380 3270 474 3314 eausa
504 3249 650 3313 audimus
679 3248 834 3313 Venerem
865 3247 975 3313 Lunae
1004 3250 1161 3315 dicentem
1189 3274 1221 3316 se
1244 3252 1303 3315 filii

261 3366 311 3429 aui
342 3363 509 3449 Cupidinis
538 3387 630 3449 saepe
660 3387 769 3429 aruum
799 3371 831 3430 et
861 3366 1045 3450 pharetram
1069 3369 1301 3434 oonhaoturam

262 3472 419 3549 minatam
442 3505 524 3562 esse,
547 3484 609 3547 nisi
632 3483 763 3548 desistat
785 3484 980 3550 claudestina
1002 3487 1087 3550 furta
1110 3487 1145 3550 in
1164 3510 1198 3552 re
1213 3511 1303 3551 ame-

260 3602 343 3666 toria
372 3601 492 3677 facere,
523 3604 555 3664 et
582 3601 671 3664 addit
700 3605 772 3685 post
801 3623 918 3685 pauca:
949 3605 1009 3688 ἤδη
1041 3605 1074 3670 δὲ
1103 3609 1155 3669 καὶ
1180 3604 1301 3688 πληγὰς

260 3726 346 3809 αὐτῷ
370 3723 510 3789 ἐνέτεινα
533 3727 563 3798 ἐς
588 3733 643 3797 τὰς
659 3728 760 3801 πυγὰς
777 3734 820 3808 τῲ
837 3724 997 3810 σανδάλῳ
1021 3723 1060 3787 ln
1077 3725 1301 3790 decimosexto

261 3843 401 3928 ejusdem
434 3843 535 3906 libelli
569 3842 696 3926 dialogo
729 3843 815 3911 Jnno
862 3847 895 3907 et
928 3844 1052 3908 Latona
1087 3847 1300 3934 λοιδοροῦνται

260 3967 361 4050 ὥσπερ
392 3964 601 4050 ἀρτοπώλιδες
611 3995 623 4047 ;
653 3964 722 4027 rixa
752 3968 821 4028 orta
852 3969 899 4029 est
928 3966 1014 4032 inter
1044 3989 1097 4031 eae
1127 3969 1165 4032 de
1194 3967 1301 4032 liberis

259 4085 433 4168 utriusque.
457 4086 552 4152 Καλὰ
573 4091 632 4169 μὲν
655 4086 740 4149 Juno
763 4086 879 4170 inquit,
902 4091 926 4154 ‹i›
950 4098 1069 4173 Λητοῖ,
1084 4093 1189 4156 καὶτὰ
1204 4091 1301 4158 τέκνα

260 4211 362 4280 dum
392 4213 435 4292 τῷ
467 4207 523 4271 Διί
552 4212 584 4269 et
614 4207 739 4270 Latona
767 4212 802 4274 οὐ
828 4217 944 4289 πᾶσαι,
967 4204 992 4274 ὦ
1015 4211 1116 4295 Ἥρα,
1143 4216 1300 4284 τοιούτους
