3372 5180
878 577 919 640 48

375 811 480 863 rentur
508 820 584 884 quae
609 798 772 883 fastidiose
805 799 988 873 traduceret,
1025 808 1053 860 at
1082 799 1118 860 do
1148 799 1272 882 antiqua
1303 797 1358 861 illa
1391 810 1418 862 ct

372 941 600 1004 nonnumquam
622 920 658 981 de
680 917 853 1002 aequalium
863 917 1075 1001 philosophia,
1100 941 1192 981 eausa
1214 941 1274 982 non
1299 920 1416 1002 capuita

364 1039 500 1122 judicum
524 1037 595 1121 opit.
620 1034 709 1111 Quod
734 1035 794 1098 erit
817 1036 1109 1100 demonstrandum.

416 1156 498 1231 Quid
529 1155 689 1220 Lucienus
719 1155 785 1239 ipse
816 1155 854 1218 de
883 1155 1084 1239 philosophia
1114 1157 1261 1221 statuerit
1285 1157 1325 1221 ab
1346 1156 1416 1220 aliis

371 1278 433 1341 alio
456 1278 550 1341 modo
573 1276 752 1361 expositum
776 1279 832 1340 est.
866 1274 950 1340 Sunt
985 1275 1040 1360 qui
1075 1298 1147 1340 cum
1182 1277 1413 1361 Epicureorum

369 1396 461 1481 gregi
484 1395 708 1479 adsoipmrinl,
731 1394 827 1479 idque
850 1394 927 1458 satis
945 1394 1057 1478 utique
1077 1399 1202 1459 constat
1226 1419 1264 1460 ex
1283 1395 1414 1460 diversis
1466 1394 1467 1397 '

368 1515 460 1580 sectis
490 1519 522 1580 et
553 1515 666 1578 scholis
690 1513 952 1599 philosophorum
979 1513 1152 1597 Epicureos
1175 1515 1307 1580 minime
1331 1516 1413 1579 male

368 1636 408 1699 ab
439 1657 476 1699 eo
505 1634 632 1698 habitos
656 1656 738 1713 esse,
761 1633 785 1718 ¹)
816 1633 884 1717 ipse
915 1636 1021 1696 autem
1046 1633 1220 1716 Epicureus
1244 1657 1319 1698 sane
1346 1656 1412 1699 non

367 1759 445 1821 erat.
466 1754 593 1820 Natura
614 1758 645 1818 et
665 1754 786 1818 indoles
800 1753 983 1828 ἐπιπόλαιος
996 1775 1068 1816 eum
1085 1776 1149 1818 nun
1163 1754 1312 1818 sinebant
1323 1755 1413 1820 cuius

367 1897 464 1960 quam
487 1873 747 1958 philosophorum
771 1877 874 1937 sectae
899 1878 1002 1937 castra
1026 1874 1123 1957 sequi.
1149 1873 1183 1938 si
1207 1875 1278 1957 quis
1300 1874 1412 1959 primis

365 1993 488 2058 labellis
511 1993 645 2057 Luciani
668 2015 762 2078 opera
776 1996 900 2077 gustet,
918 1997 949 2056 et
965 2015 1031 2056 non
1047 1992 1110 2056 nisi
1124 1993 1237 2058 leviter
1249 1999 1410 2060 erratorem

365 2113 469 2198 ipsum
505 2117 692 2198 cognoscat,
721 2099 769 2177 est
792 2112 989 2196 quodillum
1013 2111 1131 2175 hucin
1157 2135 1191 2177 re
1218 2114 1409 2195 admiretur3

365 2234 497 2298 memini
528 2256 578 2297 me
608 2233 711 2317 primo
742 2232 833 2316 quasi
862 2232 966 2315 abripi
996 2231 1096 2294 animi
1120 2232 1288 2297 affectione
1311 2257 1410 2319 quum

364 2375 524 2420 cernerem
560 2352 783 2417 fortitudinem
818 2355 850 2416 et
884 2352 949 2415 fere
972 2351 1107 2415 dixerim
1133 2330 1234 2415 animi
1259 2353 1408 2417 duritiem

364 2495 427 2556 qna
439 2473 491 2537 hic
503 2473 637 2556 scriptor
648 2494 740 2550 usus,
761 2471 996 2555 philosophiam
1009 2470 1189 2534 universam
1201 2472 1305 2536 valere
1316 2472 1409 2556 jubet

364 2596 396 2657 et
412 2591 578 2676 antiquam
587 2595 619 2654 et
631 2591 847 2656 recentiorem.
856 2591 882 2674 ²)
894 2590 933 2653 In
945 2589 1053 2655 libello
1065 2591 1116 2655 cui
1126 2591 1250 2670 titulus,
1258 2591 1407 2656 Vitarum

365 2711 480 2795 unalia,
496 2715 565 2774 tota
577 2710 709 2794 antiqua
721 2709 921 2794 philosophia
934 2709 1134 2774 acerbissimo
1147 2711 1241 2775 modo
1257 2711 1409 2794 perstrin-

363 2831 451 2914 gitur
467 2835 499 2894 et
514 2831 684 2893 damnatur
699 2851 795 2913 quam
812 2828 971 2893 Lucienus
986 2852 1100 2913 parum
1117 2830 1245 2914 quidem
1264 2805 1407 2909 nouerit,

363 2952 569 3032 auctoresque
592 2950 624 3010 et
648 2946 825 3011 conditores
848 2947 963 3010 harum
986 2952 1145 3012 sectarum
1168 2948 1315 3013 auctione
1333 2971 1407 3032 pro·

363 3066 483 3152 posita,
507 3070 672 3150 tamquam
700 3065 818 3149 captivi
842 3087 861 3128 a
883 3066 1096 3150 praedonibus
1120 3069 1199 3132 love
1223 3069 1365 3151 praeside
1388 3091 1407 3132 a

358 3183 521 3252 'Mercurio
552 3185 581 3250 ei
612 3185 667 3269 qui
696 3183 873 3248 licitatione
903 3185 1005 3250 vincit
1027 3185 1226 3250 addicuntur.
1254 3185 1420 3258 Dicebam¹

363 3291 457 3370 modo
490 3304 666 3368 Lucianum
700 3325 814 3386 parum
837 3303 1028 3368 intellexisse
1051 3309 1083 3368 et
1106 3306 1266 3390 cognitam
1289 3306 1406 3371 habere

361 3423 595 3508 philosophiam
612 3422 779 3506 antiquam
795 3445 892 3505 quam
907 3422 992 3486 rodit
1007 3424 1065 3487 sub
1083 3423 1213 3488 nomine
1225 3429 1401 3489 auctorum.

367 3693 574 3704 -——--=-

405 3863 428 3940 1)
452 3865 493 3924 cf.
507 3865 524 3922 J
526 3883 572 3942 up.
585 3863 722 3940 Tragoed.
734 3863 800 3934 ubi,
817 3867 850 3922 ut
861 3881 943 3940 supra
959 3860 1222 3930 demonstravimus,
1235 3859 1404 3938 Epicureum

362 3968 462 4028 Damis
485 3967 709 4046 argumentando
732 3967 829 4036 vincit,
860 3964 998 4025 Timocles
1021 3963 1147 4021 convicia
1164 3962 1271 4038 jaciens
1292 3963 1323 4020 iu
1346 3963 1404 4020 vic-

362 4079 452 4131 torem
475 4072 664 4131 adversarium
687 4071 824 4130 discessit.
845 4059 885 4114 ὲ-
905 4069 947 4127 ef.
960 4068 1040 4126 Alex.
1055 4067 1113 4124 sive
1124 4066 1340 4124 Pseudomautis
1353 4068 1403 4128 47.

405 4173 428 4254 ²)
452 4177 530 4254 Quid
563 4176 744 4235 statuendum
778 4175 860 4234 nobis
890 4173 1018 4232 videatur
1046 4171 1082 4229 de
1099 4169 1203 4228 libellis
1221 4168 1404 4228 Demouaotis

323 4269 325 4276 ¹
362 4283 420 4340 vita
442 4292 470 4340 et
491 4280 628 4357 Nigrinus
651 4285 748 4358 postea
773 4296 954 4356 exponemus.
