3372 5180
790 589 809 652 9

276 807 391 870 efisco
414 806 570 870 docebant
593 807 617 890 1)
645 807 734 889 eujus
762 805 913 870 mercedis
936 805 1002 889 ipse
1025 807 1220 870 mentionem
1243 808 1320 872 facit

276 925 312 988 in
334 939 370 988 eo
387 924 513 1009 dialogo
537 924 587 988 cui
610 946 728 988 nomen
750 925 925 990 Eunuchus
940 925 1078 990 inditum
1095 931 1158 1004 est,
1174 927 1231 991 ubi
1242 927 1319 991 duos

242 1084 246 1095 .
277 1045 481 1129 philosophos
511 1045 549 1109 de
586 1045 702 1110 annuis
732 1045 771 1110 iis
802 1045 923 1110 salariis
953 1047 1094 1111 rixantes
1124 1050 1157 1111 et
1187 1052 1318 1112 conten·
1371 1119 1373 1122 ¹

279 1163 390 1227 dentes
413 1163 547 1226 inducit.

322 1280 509 1346 Pertaesum
532 1286 580 1346 est
602 1294 710 1347 autem
733 1283 929 1361 humanum,
958 1284 1130 1349 candidum
1158 1289 1267 1369 peetus
1290 1289 1322 1349 et

279 1400 345 1464 veri
357 1404 550 1478 amatorem,
574 1407 616 1476 ὡς
632 1403 757 1478 οὐδενὸς
774 1404 912 1485 δεύτερος
924 1455 933 1484 ,
946 1403 1072 1468 fucatae
1084 1408 1116 1468 et
1127 1405 1321 1489 ampullatae

278 1523 363 1588 illius
385 1523 574 1601 rhetorices,
599 1546 695 1607 quam
717 1528 755 1587 ut
769 1524 837 1608 ipse
852 1524 886 1588 in
903 1526 1141 1608 supralaudato
1157 1527 1282 1611 dialogo
1298 1528 1321 1607 2)

279 1643 461 1726 profitetur,
512 1663 633 1726 semper
674 1642 803 1707 videbat
841 1644 977 1707 multum
1017 1645 1242 1710 abhorrentem
1280 1645 1321 1708 ab

277 1763 334 1826 illo
370 1761 495 1828 decenti
525 1762 638 1826 habitu
673 1760 739 1828 οἷον
774 1789 849 1827 ποτε
882 1764 1146 1848 ἐσχηματισμένην
1178 1766 1275 1846 αὐτὴν
1304 1769 1322 1829 o‘

279 1887 451 1959 Παιανιεύς
477 1889 593 1959 ἐκεῖνος
618 1891 768 1967 ἡγαγετο,
802 1903 986 1967 semperque
1025 1905 1111 1946 more
1145 1883 1321 1948 meretricio

280 2027 345 2070 sese
376 2010 563 2083 ornantem,
593 2006 709 2071 faciem
739 2006 812 2071 firco
843 2007 1039 2071 oblinentem
1070 2010 1101 2070 et
1127 2027 1226 2090 genas
1248 2005 1322 2089 pin-

279 2127 426 2210 gentem,
449 2125 489 2189 ad
513 2125 602 2210 eujus
615 2127 744 2190 domum
758 2126 892 2212 singulis
906 2125 1054 2191 noctibus
1070 2126 1150 2190 ebrii
1166 2129 1322 2190 amatores

279 2244 481 2309 comissatum
538 2245 584 2308 ire
629 2268 765 2331 cumque
814 2268 851 2310 ea
893 2245 1084 2310 adulterium
1125 2248 1323 2311 committere

279 2364 432 2430 solebant.
465 2364 516 2428 Ad
546 2345 719 2450 Dialogum
752 2365 852 2450 igitur
882 2387 914 2430 se
943 2365 1111 2430 convertit.
1136 2364 1248 2450 Neque
1269 2364 1323 2428 illo

279 2482 406 2567 quidem
439 2483 576 2567 injuria,
612 2485 639 2547 si
670 2486 741 2569 quis
770 2484 900 2568 inspicit
930 2505 995 2547 non
1025 2487 1155 2548 tantum
1186 2482 1323 2548 Luciani

279 2602 333 2665 sed
374 2601 576 2686 aequalium,
612 2602 799 2680 damnalia,
836 2602 1010 2680 Martialis,
1046 2602 1181 2685 scripta,
1204 2600 1324 2666 videbit

281 2727 383 2784 mores
416 2719 503 2784 illius
537 2721 650 2784 aetatis
672 2722 836 2786 rhetorum
858 2722 943 2785 haud
974 2721 1108 2785 minima
1134 2720 1223 2798 labe,
1258 2735 1332 2785 esse*

281 2863 439 2924 aspersos,
471 2842 526 2926 qui
561 2846 667 2906 autem
693 2843 756 2927 ipsi
784 2864 906 2925 semper
934 2841 1096 2926 «aliquid,
1121 2842 1160 2905 de
1183 2841 1323 2906 moribus

281 2959 460 3037 audebant,
510 2957 622 3023 Curios
666 2959 861 3024 simulabant
905 2962 938 3022 et
989 2958 1201 3022 Bacchanalia
1235 2958 1323 3023 vive-

282 3078 402 3144 bant.»
443 3078 564 3142 Ardore
586 3078 687 3162 igitur
713 3078 767 3145 illo
792 3077 928 3163 juvenili
955 3077 1188 3162 quodammodo
1215 3078 1322 3141 sedato

284 3198 385 3272 καλῶς
421 3191 501 3284 εἶχεν
536 3199 621 3283 αὐτῷ
655 3197 746 3283 dadai
781 3198 840 3282 ἤδη
875 3203 1106 3282 τετταράκοντα
1137 3196 1322 3281 ἔτησχεδὸν

282 3323 423 3398 γεγονότι
448 3322 593 3406 θορύβων
614 3321 673 3400 μὲν
691 3320 818 3385 ἐκείνων
835 3321 887 3382 καὶ
905 3319 1001 3384 δικῶν
1017 3317 1223 3402 ἀπηλλάχθαι
1235 3365 1321 3380 .....

285 3443 314 3513 ἐς
346 3438 379 3503 δὲ
411 3443 468 3519 τὴν
500 3438 721 3521 Ἀκαδήμειαν
752 3445 771 3521 ἠ
802 3443 832 3512 ἐς
863 3415 897 3502 τὸ
927 3440 1063 3504 Λιλκειον
1105 3436 1242 3504 ἐλθόντα
1279 3443 1324 3500 τῶ

277 3557 433 3645 βελτίστῳ
464 3565 564 3641 τούτῳ
595 3557 741 3640 Διαλόγῳ
776 3566 1018 3644 συμπεριπατεῖν
1052 3558 1150 3644 ἠρέμα
1181 3556 1324 3637 διαλεγο-

283 3677 407 3761 μένους,
440 3683 503 3745 τῶν
529 3681 666 3746 ἐπαίνων
690 3681 742 3743 καὶ
756 3685 883 3763 ’κρότων
907 3681 942 3745 ου
968 3680 1132 3764 δεομένους
1155 3679 1190 3763 ³).
1223 3676 1324 3752 Quem

284 3911 491 3919 *—

326 4058 350 4132 1)
372 4059 448 4116 Suet.
472 4059 537 4118 Div.
561 4059 724 4138 Vespilap.
749 4063 798 4118 18.

327 4161 350 4236 2)
370 4161 420 4220 Bis
442 4169 602 4232 accusatus3
627 4165 694 4240 Cap.
719 4167 768 4222 31.

328 4261 352 4337 ³)
374 4263 425 4321 Bis
446 4271 605 4334 accusatus,
630 4266 696 4342 Cap.
722 4269 771 4323 32.
