3372 5180
882 595 903 671 ⁸6

368 825 504 887 aliorum
548 823 664 907 quibus
704 844 797 887 curae
840 829 920 886 esset
961 844 1033 886 eum
1070 821 1179 886 rodere
1216 842 1283 885 non
1316 819 1411 883 unius

370 941 449 1007 assis
490 939 660 1017 facientes,
704 963 742 1006 ex
780 941 879 1026 ipsius
917 941 1051 1006 Luciani
1087 940 1211 1024 scriptis
1253 939 1306 1004 hio
1347 939 1413 1004 illio

310 1074 311 1077 ’
368 1061 492 1144 prolata
524 1059 562 1122 de
596 1059 735 1123 auctoris
764 1060 831 1124 vita
864 1058 1017 1144 expiscari
1047 1081 1213 1134 conemur,
1231 1060 1339 1144 ¹atque
1373 1057 1412 1121 iis

369 1177 511 1242 breviter
545 1163 696 1260 expositis
727 1199 796 1241 rem
833 1177 936 1260 ipsam
959 1175 1202 1270 aggrediamur.¹
1220 1174 1324 1238 Natus
1348 1178 1412 1251 est,

369 1300 406 1361 ut
432 1297 499 1380 ipse
528 1300 640 1360 narrat
665 1297 690 1382 ¹)
727 1295 918 1374 Samosatis,
949 1296 984 1359 in
1015 1296 1092 1359 urbe
1116 1295 1225 1377 Syriae
1248 1299 1281 1358 et
1302 1295 1433 1368 admo-¹

371 1415 447 1479 dum
490 1415 568 1479 duro
612 1413 707 1478 initio
750 1436 824 1478 usus
867 1418 914 1479 ost
957 1414 1195 1479 adolescentiae.
1241 1413 1414 1478 Audiamus

296 1520 298 1524 ’
370 1535 476 1618 ipsum
509 1538 695 1598 narrantem
729 1533 763 1597 iu
800 1555 836 1597 eo
868 1533 995 1618 dialogo
1029 1533 1080 1598 cni
1115 1533 1228 1597 titulus
1259 1537 1328 1618 περὶ
1359 1543 1413 1599 τοῦ

374 1658 526 1723 ἐνυπνίου
548 1664 615 1740 ἤτοι
639 1659 707 1744 βίος
722 1663 902 1724 Λουκιανοῦ
918 1661 1065 1741 parentes
1077 1656 1112 1719 in
1124 1678 1158 1720 re
1169 1655 1261 1719 tenui
1272 1655 1416 1720 viventes

373 1779 539 1858 propterea
558 1798 630 1839 eum
647 1776 839 1839 commisisse
853 1777 946 1862 fratri
962 1777 1073 1841 matris
1089 1779 1203 1864 ἀρίστῳ
1219 1777 1415 1863 ἑρμογλυφεῖ,

375 1919 394 1959 a
418 1919 499 1980 quo,
523 1918 594 1960 cum
617 1897 760 1961 tabulam
788 1898 949 1981 quandam
972 1899 1195 1982 confregisset,
1212 1897 1330 1961 scutica
1346 1918 1416 1960 ver-

374 2014 502 2079 beratus
533 2018 601 2078 arte
632 2014 779 2079 initiatus
810 2016 860 2079 sit.
893 2015 976 2080 Tum
1007 2017 1034 2080 si
1065 2016 1141 2101 quid
1168 2015 1216 2079 illi
1243 2015 1414 2080 credimus:

375 2135 464 2208 Θιῒός
492 2137 522 2198 οί
554 2137 702 2200 ἐνύπνιον
734 2131 832 2216 ἦλθεν
863 2140 980 2221 ὄνειρος
1012 2137 1183 2223 ἀμβροσίην
1214 2136 1267 2200 διὰ
1297 2137 1416 2214 νύκτα,

376 2255 456 2317 duae
479 2253 626 2318 mulieres
649 2255 812 2338 prehensis
835 2255 981 2319 manibus
1005 2278 1077 2319 enm
1102 2260 1235 2340 utraque
1251 2255 1287 2318 ad
1303 2276 1336 2317 se
1350 2258 1416 2317 tra·

376 2373 514 2450 habant,
540 2394 675 2457 quarum
699 2397 764 2438 una
781 2379 848 2438 erat
863 2375 1023 2458 squalida,
1048 2375 1196 2438 manibus
1212 2374 1292 2438 callo
1307 2373 1418 2456 plena,

377 2495 409 2555 et
439 2492 522 2555 calce
552 2492 668 2556 referta
692 2492 754 2568 οἶος
777 2491 816 2576 ἦν
839 2499 857 2559 ὁ
880 2502 966 2569 θεῖος
989 2496 1083 2560 ὁπότε
1106 2494 1170 2570 ξέοι
1194 2497 1264 2568 τούς
1288 2493 1416 2571 λίθους,

377 2613 477 2676 altera
511 2613 738 2676 formosissima
773 2612 871 2689 facie,
907 2612 1020 2676 habitu
1054 2614 1184 2689 decoro,
1219 2612 1418 2696 elegantique

378 2733 504 2798 vestitu.
551 2732 675 2796 Relicta
715 2732 816 2816 igitur
853 2734 922 2794 arte
957 2733 1127 2811 statuaria,
1165 2733 1252 2795 illam
1286 2731 1417 2793 alteram
1497 2722 1498 2726 ¹

379 2852 559 2934 mulierem,
583 2857 641 2934 τὴν
663 2852 821 2919 Παιδείαν
853 2851 1015 2934 amplexus
1049 2856 1106 2916 est.
1142 2850 1175 2915 Si
1210 2850 1280 2933 quis
1313 2855 1418 2912 autem

379 2952 632 3037 adolescentulus
671 2975 774 3034 aetate
812 2971 947 3035 Luciani
985 2979 1042 3056 τὴν
1075 2973 1233 3040 Παιδείαν
1272 2969 1420 3053 amplecti

379 3093 523 3170 volebat,
540 3092 686 3155 itandum
702 3096 770 3156 erat
785 3092 834 3172 illi
851 3093 885 3158 in
899 3094 1021 3157 scholas
1035 3093 1217 3168 rhetorum,
1241 3092 1297 3162 ubi
1312 3113 1420 3155 causas

380 3234 473 3296 agere
505 3203 544 3275 et'
560 3210 737 3274 declamare
761 3211 934 3278 discebant.
970 3212 1003 3276 Si
1034 3211 1184 3275 Juveuali
1215 3217 1248 3274 et
1270 3210 1420 3274 Petronio

379 3319 566 3414 praesertim
590 3330 762 3413 quidquam
783 3329 939 3393 credimus
958 3352 1024 3393 non
1040 3335 1109 3392 erat
1124 3329 1260 3393 multum
1276 3329 1421 3392 tribuen-

381 3451 454 3513 dum
485 3448 549 3512 illis
572 3446 737 3512 rhetoricis
760 3447 1043 3511 exercitationibus
1076 3447 1175 3531 «quia
1198 3448 1280 3510 nihil
1303 3469 1341 3510 ex
1364 3447 1420 3523 iis,

382 3591 464 3654 quae
496 3568 532 3632 in
567 3591 627 3632 usu
660 3567 829 3644 habemus,
864 3566 1089 3631 adolescentuli
1122 3571 1179 3630 aut
1211 3567 1344 3630 audiunt
1367 3570 1423 3629 ant

381 3688 508 3766 vident,
539 3686 593 3750 sed
623 3685 744 3769 pirates
775 3707 847 3749 cum
879 3684 998 3749 catenis
1020 3684 1055 3748 in
1077 3683 1185 3748 littore
1208 3688 1345 3762 stantes,
1368 3684 1422 3748 sed

384 3811 538 3892 tyrannos
568 3804 670 3884 edicta
714 3803 903 3880 scribentes,
943 3802 1058 3886 quibus
1088 3801 1246 3887 imperent
1276 3803 1348 3866 filiis
1386 3809 1422 3866 ut
1518 3871 1521 3874 ,

384 3933 512 4011 patrum
535 3945 665 3990 suorum
687 3923 792 4008 capita
815 3921 1017 4006 praecidant,
1044 3921 1098 3986 sed
1119 3943 1271 4005 responsa
1292 3922 1327 3984 in
1350 3943 1420 4006 pes·

384 4147 589 4160 ..-.—--—-

428 4277 450 4351 l)
471 4272 538 4346 πῶς
562 4270 613 4334 δεῖ
632 4270 770 4355 ἱστορίαν
795 4275 1002 4355 συγγράφειν,
1026 4275 1057 4333 C.
1084 4277 1133 4336 24.
