3408 5180
864 541 927 607 112

371 757 570 842 superiorum
604 760 795 845 scriptorum
830 759 984 824 auderent
1017 760 1052 824 in
1087 760 1221 826 historia
1255 767 1351 848 atque
1383 770 1417 831 ἐν

372 880 662 966 γεωγραφουμέαοις
671 900 783 966 parum
793 879 924 944 eruditis
933 878 1131 945 auditoribus
1139 881 1348 948 ctleotoribus
1359 906 1419 969 pro

371 999 456 1063 sanis
479 1001 510 1062 et
533 997 616 1062 veris
638 995 802 1062 venditare
825 996 970 1061 solerent.
996 993 1080 1059 Nam
1104 999 1141 1059 ut
1163 997 1416 1080 praetermittam

370 1115 587 1194 Herodotum,
611 1114 667 1200 qui
690 1114 746 1178 ubi
770 1114 851 1178 mira
874 1118 906 1178 et
929 1113 1076 1178 inaudita
1100 1113 1138 1178 de
1149 1113 1299 1200 Aegypto
1322 1138 1416 1201 prae-

369 1235 478 1300 sertim
500 1234 676 1300 traditurus
707 1242 755 1298 ost
778 1237 868 1298 caute
897 1234 1068 1298 admodum
1099 1233 1234 1320 vestigia
1268 1235 1362 1318 ponit
1385 1240 1417 1300 et

370 1375 493 1438 semper
527 1377 619 1419 auum
654 1362 792 1439 κατάπερ
827 1357 856 1419 οἱ
888 1354 965 1439 ἱρέες
995 1354 1104 1434 ἔλεγον
1127 1353 1255 1438 adjicit,
1279 1376 1416 1439 quorum

368 1473 568 1539 narrationes
598 1496 776 1560 numquam
805 1473 870 1538 fere
892 1496 959 1538 non
982 1474 1150 1537 addubitat
1172 1477 1205 1538 et
1230 1473 1414 1558 redarguit,

368 1592 453 1675 apud
487 1591 619 1656 Luciani
642 1593 804 1677 aequales,
828 1596 861 1656 et
883 1595 986 1657 aetate
1008 1592 1151 1677 paullum
1175 1592 1413 1670 antecedentes,
1435 1635 1453 1651 -.

368 1709 574 1788 Strabonem,
612 1710 772 1796 Plinium,
812 1695 959 1774 Tacitum
998 1731 1123 1794 quoqne
1172 1732 1415 1797 nonnumquam

367 1833 533 1913 tamquam
569 1849 642 1892 vera
687 1836 719 1891 et
752 1831 838 1892 certa
877 1849 913 1891 ea
955 1848 1048 1911 saepe
1089 1826 1182 1892 nobis
1225 1829 1414 1910 traduntur,

336 2019 339 2026 ,
369 1970 450 2033 quae
480 1947 575 2012 hodie
597 1948 647 2013 vel
681 1948 786 2031 pueris
812 1947 912 2011 risum
939 1950 1112 2011 moverent.
1146 1944 1267 2012 Gellius
1304 1953 1415 2013 narrat

367 2068 522 2151 quaedam
545 2089 611 2132 non
633 2067 808 2153 injucunda
842 2089 923 2151 quae
956 2066 1082 2130 invenit
1106 2065 1141 2129 in
1163 2066 1253 2131 libris
1275 2067 1415 2133 miracu·

366 2186 470 2250 lorum
494 2185 737 2270 fabularumque
759 2185 880 2269 plenis,
904 2206 982 2269 quos
1005 2184 1221 2249 Brundusium
1241 2185 1413 2250 adveniens

367 2302 521 2388 plurimos
543 2326 641 2388 parvo
665 2307 794 2368 emerat.
815 2304 840 2390 1)
864 2302 952 2368 Haec
974 2307 1083 2368 tamen
1104 2302 1282 2368 tolerabilia
1305 2307 1337 2367 et
1359 2303 1413 2367 vix

367 2443 448 2506 quae
482 2427 698 2487 memorentur
732 2422 830 2507 digna
864 2422 1015 2488 videntur
1048 2443 1125 2506 prae
1158 2421 1240 2485 libro
1275 2420 1412 2485 Antonii

368 2539 541 2625 Diogenis,
566 2541 654 2606 errius
678 2542 815 2626 epitome
846 2541 937 2605 nobis
961 2564 979 2604 a
1002 2541 1121 2606 Photio
1144 2544 1267 2605 servata
1292 2543 1348 2604 est.
1372 2539 1413 2604 In

300 2635 301 2638 Ἴ
367 2681 404 2723 ea
427 2659 564 2743 epitome
587 2660 662 2724 libri
685 2639 736 2726 oui
755 2661 868 2725 titulus
889 2665 936 2725 est
955 2666 1019 2728 τῶν
1036 2665 1113 2747 ὑπὲρ
1130 2660 1254 2745 (dodim
1271 2661 1410 2726 α’ττίατων

366 2777 452 2857 λόγοι
487 2779 536 2844 κδ’
570 2779 654 2844 inter
685 2780 746 2844 alia
777 2779 887 2864 inepta
918 2780 967 2845 vel
998 2781 1058 2846 hoo
1092 2779 1327 2864 ineptissimum
1364 2781 1412 2842 est

367 2897 451 2980 quod
467 2902 577 2962 auctor
592 2898 744 2963 declarat:
761 2901 808 2963 ὅτι
828 2903 854 2962 εἷ
870 2902 922 2962 καὶ
939 2905 1058 2965 curma
1073 2904 1126 2965 aod
1144 2900 1245 2983 ψευδῆ
1263 2899 1408 2979 πλάττοι,

365 3014 434 3079 our
458 3012 514 3083 οὖν
531 3019 593 3102 ἔχει
606 3020 675 3102 περὶ
695 3022 757 3084 τῶν
770 3017 922 3085 πλείστων
939 3025 1002 3085 τῶν
1019 3023 1105 3104 αὐτῷ
1120 3019 1409 3105 μυθολογηθέντων

365 3136 574 3220 ἀρχαιοτέρων
597 3138 769 3222 μαρτυρίας
800 3139 833 3213 ἐξ
868 3124 914 3203 ὧν
938 3141 992 3204 odo
1029 3147 1159 3223 καμάτῳ
1182 3151 1283 3205 ταῦτα
1314 3163 1410 3206 συνα-

366 3257 538 3342 θροίσειεέ)
550 3256 646 3320 Illum
659 3259 765 3320 autem
778 3260 811 3320 et
822 3279 931 3321 omnes
943 3257 1081 3322 eiusdem
1090 3257 1212 3321 farinae
1220 3257 1411 3322 acutissimis

368 3371 573 3379 ——-

408 3413 432 3492 ¹)
454 3417 496 3476 cf.
526 3416 599 3475 Gall.
630 3418 667 3476 N.
699 3417 734 3475 A.
757 3416 816 3486 IX,
841 3420 870 3475 4.
897 3449 935 3460 -
967 3417 1067 3474 Strabo
1094 3419 1196 3494 passim
1220 3419 1283 3477 Lib.
1307 3419 1361 3476 XV
1383 3424 1410 3476 et

364 3521 526 3597 praesertim
555 3520 682 3598 illiti.
711 3520 790 3576 Haeo
818 3524 912 3576 autem
935 3519 971 3578 de
992 3526 1101 3579 remota
1124 3521 1222 3589 Indis,
1245 3525 1275 3578 at
1297 3521 1410 3579 Tacitus

364 3623 399 3680 de
416 3622 577 3682 Brittannia
592 3643 659 3682 ann.
671 3623 716 3694 II,
731 3625 770 3680 el
783 3623 958 3699 (narrabant)
976 3623 1033 3681 vim
1045 3623 1210 3694 turbinum,
1228 3630 1255 3681 et
1267 3624 1409 3682 inauditas

362 3727 504 3798 volucres,
539 3733 665 3786 monstra
700 3727 798 3796 maris,
833 3726 981 3804 ambiguas
1014 3728 1162 3786 hominum
1199 3733 1227 3785 et
1253 3726 1410 3785 belluarum

362 3831 482 3904 formas,
506 3835 565 3892 viso
587 3833 646 3890 sive
669 3851 703 3889 ex
726 3836 802 3889 metu
824 3831 938 3890 credito.

406 3933 429 4009 2)
459 3936 621 4007 Harenas,
650 3936 757 3994 Erotiai
787 3935 935 4012 scriptores
961 3936 1061 3994 Graeci
1083 3937 1114 4007 I,
1138 3956 1165 4014 p.
1191 3939 1250 3996 23³
1275 3958 1336 4016 sqq.
1366 3937 1410 3995 De

363 4042 453 4096 aetate
475 4040 565 4117 ipsius
596 4041 713 4098 Antonii
734 4039 883 4116 Diogenis.
911 4038 952 4097 cf.
980 4038 1076 4097 Eruin
1098 4039 1211 4108 Rollde,
1233 4059 1260 4116 p.
1286 4043 1323 4098 19
1348 4059 1408 4117 sqq.

364 4143 422 4202 An.
445 4143 592 4215 Nrcoaar,
616 4144 711 4204 Ueber
743 4142 923 4219 Entstehuug
950 4161 978 4202 u.
1004 4142 1106 4202 Wesen
1134 4144 1183 4201 des
1211 4143 1409 4202 Grieahisohen

364 4245 506 4320 Romans,
534 4268 561 4327 p.
585 4252 635 4306 44.
