3408 5180
748 566 789 633 65

228 787 282 851 'de
297 809 361 872 quo
373 787 470 872 vulgo
482 788 642 852 ferebatur
652 835 659 864 ,
671 791 752 851 teste
768 786 912 872 Diogene
930 765 1059 852 'Laertio
1076 793 1102 853 sl
1115 795 1157 872 μὴ
1173 793 1232 874 γὰρ
1247 785 1287 871 ἦν

243 909 443 990 Χρύσιππος,
459 908 515 973 οὐκ
535 909 575 973 ἄν
588 902 627 988 ἦν
639 913 730 972 Στοά
743 906 767 990 l)
780 905 844 971 fere
856 905 940 970 idem
956 928 1022 970 esse
1037 906 1179 971 invenies
1191 911 1286 991 atque

243 1025 449 1108 abjectissimi
464 1029 496 1090 et
510 1027 604 1110 gulae
619 1031 747 1091 tantum
763 1025 928 1091 servientis
940 1027 1045 1090 nescio
1062 1025 1151 1110 cujus
1167 1026 1285 1090 Hetoe-
1333 1047 1336 1051 ⁴

243 1143 395 1207 moclisin
403 1165 439 1208 eo
447 1144 555 1209 libello
564 1147 615 1210 cui
624 1145 736 1211 titulus
744 1149 957 1229 Συμπόσιονῆ
964 1143 1285 1229 Aeolum.²)Quib11s

243 1260 375 1345 aliisque
405 1261 638 1346 intempestivis
663 1263 786 1328 facetiis
808 1265 907 1329 fietus
930 1265 966 1328 in
993 1285 1127 1349 quorum
1151 1285 1284 1328 numero

241 1383 297 1447 illa
331 1405 457 1468 quoque
491 1390 539 1450 est
575 1407 671 1470 quam
705 1386 842 1470 legimus
876 1388 910 1450 in
945 1386 1082 1450 secundo
1115 1364 1197 1448 libre
1232 1393 1293 1466 τῆς·

242 1503 381 1588 ἀληθοῦς
416 1504 567 1590 ἱστορίας,
600 1505 656 1569 ubi
689 1505 736 1569 in·
760 1505 867 1570 Beatis
900 1505 1017 1569 Iusnlis
1044 1527 1138 1568 nemo
1161 1504 1285 1568 Stoicus

243 1624 348 1689 adesse
379 1625 496 1690 dicitur
525 1625 609 1710 qnod
639 1625 687 1688 illi
715 1647 838 1709 semper
872 1625 975 1690 adhuc
1009 1629 1064 1693 τὸν
1100 1633 1153 1709 τῆς
1176 1628 1285 1712 ἀρετῆς

242 1747 352 1825 ὄρθιον
376 1743 473 1826 λόφον
497 1744 716 1831 ascendantss),
740 1744 766 1808 si
788 1743 964 1809 burianum
983 1749 1112 1809 tantum
1124 1749 1285 1810 auctorem

242 1865 330 1948 sequi
349 1861 462 1941 velles,
490 1864 530 1928 ad
554 1863 760 1928 deridendum
784 1867 816 1928 et
839 1865 1106 1929 contemnendum
1131 1865 1284 1949 quidquid

241 1972 321 2048 essct
348 1987 405 2047 aut
427 2005 579 2068 umquam
591 1983 688 2048 fuerit
704 1982 883 2048 Stoicorum
894 1984 985 2047 facile
997 1984 1213 2061 adducereris,
1235 1989 1282 2047 et-

241 2103 328 2166 enim
351 2102 434 2166 hanc
456 2106 573 2166 sectam
597 2084 858 2186 philosophorum
882 2101 1058 2165 maledictis
1081 2101 1122 2164 ab
1144 2101 1284 2165 Luciano
1367 2177 1368 2182 γ

241 2220 425 2306 praesertim
442 2224 606 2286 oneratam
624 2243 689 2285 esse
704 2219 744 2283 iis
765 2242 846 2304 quae
863 2219 1087 2304 protulerimus
1110 2221 1286 2284 luculenter

241 2342 390 2426 probasse
414 2363 594 2426 speramus,
624 2339 720 2423 idque
751 2360 787 2402 eo
815 2339 939 2403 saeculo
966 2339 1050 2422 quod
1082 2342 1131 2402 tot
1153 2343 1284 2422 tamque

240 2461 363 2526 nobiles
378 2461 501 2526 Stoicos
516 2481 693 2546 procreasse
708 2461 785 2524 satis
800 2464 934 2538 constat,
948 2460 1056 2544 quales
1068 2463 1143 2523 sunt
1155 2458 1283 2536 Seneca,

240 2567 422 2665 Epictetus,
440 2580 622 2656 Musonius,
643 2579 802 2644 Cornutus
817 2579 918 2643 Persii
937 2584 1139 2664 praeceptor,
1158 2579 1285 2642 Marcus

240 2699 398 2764 Aurelius.
435 2698 554 2774 Quodsi
580 2699 712 2764 ridendo
739 2698 842 2763 dicere
872 2721 981 2763 verum
1005 2699 1087 2762 nihil
1113 2702 1217 2774 vetat,
1241 2697 1286 2760 ri-

241 2818 343 2883 dendo
376 2818 511 2904 infringi
540 2819 708 2883 veritatem
739 2821 822 2882 certe
846 2840 940 2882 nemo
963 2840 1106 2901 unquam
1124 2817 1282 2903 probavit.

240 2937 299 3002 Est
328 2938 429 3022 igitur
451 2939 534 3023 quod
559 2949 740 3002 succenseas
764 2936 885 3020 aliquid
908 2937 1091 3021 ceteroquin
1114 2936 1228 3000 festivo
1252 2940 1284 3000 et

240 3056 345 3143 lepido
368 3057 489 3122 irrisori
510 3057 594 3142 quod
618 3056 702 3140 apud
731 3056 821 3118 illurn
853 3055 946 3120 utin
972 3057 1084 3120 castris
1111 3054 1285 3140 Agamem·

241 3179 334 3243 nonis
358 3199 480 3262 semper
505 3181 538 3245 ἐν
563 3179 596 3242 δὲ
618 3179 678 3262 Fan*
700 3181 774 3262 τιμῇ
795 3179 872 3257 ἡμὲν
897 3178 990 3249 κακὸς
1013 3175 1067 3256 ἡδὲ
1091 3179 1144 3239 καὶ
1162 3175 1283 3248 ἐσθλὸς.

241 3297 331 3373 Quod
355 3298 395 3362 sd
416 3299 612 3364 academicos
634 3297 837 3382 philosophos
864 3297 982 3361 attinet
1005 3318 1070 3360 non
1099 3296 1163 3359 nisi
1177 3317 1285 3379 sparsa
1357 3294 1362 3305 '

242 3422 274 3482 et
300 3438 374 3482 rara
400 3417 535 3504 vestigia
564 3417 649 3502 apud
671 3415 826 3482 Nostrum
846 3417 884 3480 dc
906 3437 943 3479 ea
970 3418 1055 3480 secta
1083 3413 1283 3479 offendimus.

284 3747 308 3814 1)
330 3740 415 3820 Diog.
438 3742 531 3801 Laert.
554 3741 625 3812 Vll,
648 3744 675 3813 7,
702 3746 730 3800 5.

283 3841 306 3918 2)
330 3843 372 3904 Gf.
396 3844 491 3921 Symp.
514 3843 545 3902 Ο.
571 3845 609 3900 22
634 3863 695 3921 sqq.

284 3944 307 4022 ⁸)
330 3947 419 4004 Verae
451 3947 529 4006 Hist.
562 3946 608 4016 ΙΙ,
645 3949 698 4017 18,
745 3951 885 4022 praetcrea
918 3946 1007 4004 Stoici
1036 3947 1222 4005 traducuntur
1254 3948 1283 4004 in

241 4052 379 4110 Oonvivio
413 4051 529 4109 nomine
562 4050 770 4110 Zenothemirlis
799 4049 992 4126 pulmentariis
1023 4071 1052 4108 sc
1074 4051 1285 4128 ingurgitastis,

240 4163 268 4215 et
288 4155 423 4214 Timoolis
449 4157 479 4213 in
509 4155 581 4212 Jove
607 4153 756 4232 Tragoedo
792 4153 860 4210 victi
887 4153 922 4210 ab
956 4153 1115 4211 adversario
1145 4154 1283 4230 Epicureo

240 4266 267 4319 et
279 4259 475 4335 abjectissimis
487 4257 644 4317 maledictis
656 4257 771 4316 utentis.
781 4262 835 4315 cet.
849 4257 995 4314 Somnium
1005 4258 1064 4316 sive
1074 4258 1181 4327 Gallus,
1191 4259 1222 4316 Ο.
1235 4261 1247 4314 l
1258 4261 1283 4315 i.

1127 4406 1139 4450 5
