3372 5180
859 495 900 559 30

359 713 391 776 et
413 713 482 798 περὶ
506 711 646 788 πένθους
668 712 725 796 qui
746 731 765 774 a
788 709 952 774 nonnullis
974 710 1096 775 auctori
1121 709 1353 796 abjudicantur.
1371 712 1396 796 ¹)

358 827 471 914 Neque
493 829 561 894 sine
584 851 694 907 causa,
725 831 762 892 ut
784 827 864 892 mibi
887 827 1020 892 videtur.
1048 826 1108 891 Est
1129 849 1205 891 sane
1227 849 1277 892 res
1299 827 1398 891 ardua

359 949 454 1030 atque
476 946 613 1012 difficilis
637 947 721 1012 inter
747 946 914 1032 legendum
943 968 1017 1010 vera
1033 946 1227 1030 distinguere
1253 943 1396 1023 afanis,

358 1064 496 1148 quidque
515 1061 691 1148 genuinum
703 1060 779 1146 quid
799 1060 942 1146 spurium
953 1061 996 1126 sit
1007 1083 1167 1126 secernere
1179 1066 1212 1127 et
1223 1061 1396 1148 explicare,
1434 1113 1436 1118 -

303 1178 304 1182 ’
357 1180 542 1264 praesertim
573 1178 695 1264 juniori
717 1179 772 1264 qui
800 1179 888 1242 nulla
911 1180 1100 1245 auctoritate
1125 1183 1308 1266 quamsit,
1331 1204 1397 1247 non

358 1299 422 1363 nisi
445 1297 629 1361 dubitanter
651 1318 722 1360 eam
745 1295 830 1360 viam
845 1295 971 1379 ingredi
985 1297 1095 1380 possit.
1114 1296 1186 1362 Hoc
1201 1302 1309 1362 tamen
1325 1319 1398 1362 vere

241 1405 243 1408 ⁵
361 1416 517 1482 affirmare
545 1435 673 1499 possum
707 1413 787 1476 mibi
816 1412 873 1477 hos
904 1413 966 1477 duo
988 1435 1084 1498 supra
1106 1414 1249 1478 laudatos
1276 1414 1398 1480 libellos

359 1534 455 1600 semel
486 1535 581 1616 atque
611 1529 727 1593 iterum
757 1528 877 1613 legenti
902 1529 972 1612 jam
1002 1529 1186 1594 subditicios
1208 1552 1273 1594 esse
1296 1531 1397 1608 visos,

359 1674 458 1737 quum
481 1648 670 1714 auctoritate
699 1645 936 1711 Sommerbrodt
959 1651 990 1711 et
1013 1646 1149 1712 Bekkeri
1171 1670 1273 1714 meam
1297 1651 1398 1735 suspi-

359 1770 482 1833 cionem
504 1765 680 1831 stabilitam
702 1785 767 1829 esse
790 1764 1009 1830 intellexerim.
1033 1765 1058 1849 2)

403 1885 631 1969 Praeterquam
653 1883 738 1968 quod
757 1883 851 1969 longe
865 1882 1023 1966 longeque
1038 1883 1211 1949 abhorrent
1226 1886 1267 1949 ab
1282 1886 1400 1951 usitato

359 2002 494 2068 Luciani
525 2000 683 2067 scribendi
713 2021 846 2086 genere,
869 2004 918 2064 est
939 1999 974 2062 in
995 2000 1099 2084 primo
1121 2001 1251 2068 laudato
1274 2005 1329 2089 qui
1352 2010 1400 2070 est

360 2122 399 2185 de
420 2121 598 2197 sacrificiis,
622 2119 875 2183 additamentum
897 2139 953 2202 per
975 2140 1029 2182 sex
1051 2118 1100 2183 vel
1113 2124 1398 2208 septemparagra-

359 2241 439 2326 phos
468 2240 665 2324 protractum
688 2235 723 2299 in
746 2257 809 2321 quo
840 2236 878 2300 de
901 2234 1062 2300 sacrificiis
1085 2237 1205 2302 mentio
1228 2239 1333 2317 nulla,
1361 2241 1399 2305 de

359 2358 490 2423 deorum
513 2359 619 2420 autem
643 2353 767 2438 origine
789 2357 821 2417 et
843 2353 941 2436 stirpe
961 2355 1115 2418 nonnulla
1130 2362 1304 2422 narrantur
1318 2380 1399 2442 quae

359 2496 426 2537 non
460 2474 554 2538 modo
588 2475 629 2538 ab
663 2476 852 2558 argumento
886 2472 981 2556 plane
1015 2472 1118 2536 aliena
1148 2479 1238 2552 sunt,
1273 2476 1400 2541 sedvel

358 2592 596 2677 imperitissimo
626 2591 792 2658 notissima
822 2594 924 2657 erant.
956 2590 1071 2656 Itidem
1102 2592 1258 2656 secundus
1283 2593 1398 2679 friget,

358 2713 391 2775 et
424 2708 540 2774 sufficit
572 2707 684 2793 legisse
717 2710 781 2772 tres
814 2710 990 2791 quatuorve
1021 2708 1177 2792 genuinos
1210 2708 1341 2802 libellos·
1363 2716 1400 2776 ut

360 2828 470 2893 statim
503 2824 683 2910 intelligas,
706 2847 803 2909 quam
825 2845 954 2909 prorsus
981 2825 1111 2890 diversis
1135 2848 1295 2911 quamque
1315 2849 1400 2892 mor-

359 2947 489 3011 dacibus
510 2942 696 3029 praesertim
719 2942 879 3008 vocabulis
899 2941 1015 3007 Noster
1030 2943 1154 3008 easdem
1165 2966 1215 3008 res
1226 2945 1305 3009 alias
1316 2949 1400 3011 trac-

359 3065 485 3130 taverit.
515 3063 605 3128 Inest
637 3061 686 3126 his
710 3060 832 3125 duobus
864 3060 981 3126 libellis
1002 3064 1035 3126 et
1063 3061 1249 3146 praesertim
1280 3063 1309 3127 ei
1345 3065 1401 3148 qui

283 3191 285 3196 ’
359 3187 490 3250 vocatur
522 3184 593 3269 περὶ
627 3180 768 3258 πένθους
798 3178 923 3266 frigida'
946 3183 979 3244 et
1001 3180 1121 3244 insulsa
1148 3180 1293 3245 oratione
1316 3181 1399 3246 idem

358 3301 444 3387 quod
466 3301 531 3365 fere
550 3323 660 3366 omnes
675 3301 821 3385 aequales
842 3298 976 3364 Luciani
998 3319 1064 3362 non
1087 3297 1199 3376 m'odo,
1223 3298 1277 3362 sod
1302 3300 1400 3365 etiam

359 3417 415 3481 diu
444 3405 615 3481 ante‘eum
637 3416 723 3481 bona
741 3438 815 3502 pars
845 3415 1038 3492 crediderat,
1065 3411 1211 3500 quodque
1233 3415 1400 3482 Juvenalis

358 3535 511 3601 acerrima
532 3538 565 3600 et
587 3535 712 3601 concisa
733 3534 877 3638 oratione
902 3537 939 3598 ut
963 3533 1077 3598 assolet
1099 3533 1195 3598 dixit:

446 3697 524 3766 Esse
545 3698 669 3784 aliquos
692 3721 801 3764 manes
824 3703 856 3764 et
879 3700 1084 3766 subterranea
1106 3723 1207 3788 regna

370 3872 577 3884 ——-

402 3945 425 4019 ¹)
438 3943 634 4020 Ausgew‘ahlte
644 3940 762 4001 Schriste
769 3939 819 4000 des
826 3940 933 4000 Lucian
944 3962 999 4000 von
1008 3943 1229 4018 Sommerbrodt‚
1240 3949 1270 4019 Ι,
1283 3969 1310 4026 p.
1318 3951 1396 4011 XIX.

401 4042 424 4122 ὓ)
448 4045 489 4104 Ol.
513 4045 612 4104 Studia
640 4044 736 4102 critice
758 4042 795 4101 ad
822 4043 996 4132 buciacum,
1031 4048 1171 4124 specimen
1197 4049 1400 4126 inauguralea

359 4147 394 4209 V.
419 4147 455 4208 D.
479 4147 619 4206 Hartman
641 4146 840 4226 conscriptum.
