3372 5180
873 561 915 630 50

372 785 519 871 princeps
540 784 748 870 philosophus
768 782 892 848 sordide
907 738 1142 866 ueretringitur.
1160 781 1334 848 Versamur
1349 776 1416 844 illic
1500 849 1504 857 ,

266 909 268 914 ’
373 909 407 972 ἐν
420 914 489 980 ταῖς
505 909 569 971 τῶν
584 910 733 989 μακάρων
757 900 995 984 νήσοιοΡΙοσο,
1018 900 1125 984 inquit
1147 901 1324 978 Lucienus,
1348 920 1416 964 non

372 1025 482 1088 aderat
512 1024 582 1090 ἀλλ’
619 1024 741 1103 ἐλέγετο
773 1026 825 1087 καὶ
856 1024 949 1098 αὐτὸς1
977 1025 1011 1087 ἐν
1040 1026 1080 1106 τῇ
1102 1020 1339 1107 ἀναπλασθείσῃ
1362 1019 1416 1090 ὑπ’

373 1146 469 1211 αὐτοῦ
504 1144 592 1210 πόλει
617 1149 713 1210 clusin
738 1149 893 1230 χρώμενος
917 1149 955 1227 τῇ
978 1141 1121 1225 πολιτείᾳ
1144 1145 1197 1206 καὶ
1222 1151 1286 1215 τοῖς
1310 1142 1417 1224 νόμοις

373 1261 419 1340 οἷς
442 1265 639 1349 συνέγραψεν
663 1266 697 1349 ¹).
720 1264 765 1327 Et
787 1267 982 1347 postpauca
1005 1262 1141 1346 legimus
1158 1261 1277 1325 sacrati
1293 1261 1334 1324 ob
1349 1283 1416 1324 rem

374 1384 455 1447 bene
488 1388 611 1468 gestam
645 1383 774 1446 hortum
809 1381 977 1466 pulchrum
1013 1379 1094 1445 dono
1128 1380 1239 1444 datum
1273 1401 1340 1444 esse
1360 1379 1418 1443 ubi

374 1503 551 1586 disputaret
578 1525 649 1568 cum
672 1502 831 1568 sodalibus
854 1504 938 1568 ἔνθα
962 1504 1013 1565 καὶ
1038 1499 1203 1579 συγκαλῶν
1233 1501 1304 1574 τούς
1332 1500 1418 1564 ἑταί-

375 1651 447 1709 ρους
464 1624 630 1704 διελέγετο,
644 1629 682 1692 N
681 1624 930 1706 εκροικαδήμιιαν
945 1626 999 1689 τὸν
1013 1623 1110 1688 τόπον
1122 1626 1369 1706 προσαγορεύσας
1381 1618 1417 1705 ²).

376 1742 528 1827 seuquid
551 1765 628 1829 opus
651 1747 698 1807 est
721 1742 918 1827 argumentis
941 1763 978 1805 ex
1003 1741 1073 1806 aliis
1089 1739 1223 1824 dialogis
1239 1740 1314 1804 hinc
1328 1738 1419 1803 illinc

377 1861 494 1945 petitis.
503 1861 605 1947 Legat
620 1862 700 1926 mihi
714 1861 829 1946 aliquis
845 1861 996 1927 Vitarum
1012 1860 1208 1938 auctionem,
1225 1859 1341 1924 sentiet
1352 1859 1419 1924 Lu-

379 1978 508 2043 cienum
535 1978 597 2044 hoc
626 1979 739 2044 saltem
770 1978 839 2042 loco
861 1982 899 2041 ut
921 1978 1062 2062 plerique
1089 1979 1193 2042 solent
1216 1977 1367 2042 damnare
1389 1980 1432 2056 et

378 2101 580 2162 contemnere
608 2118 645 2162 ea
668 2118 748 2181 quae
771 2117 884 2180 parum
908 2099 964 2160 aut
987 2117 1052 2160 non
1075 2094 1239 2179 intelligit.
1266 2094 1319 2159 En
1341 2115 1420 2179 ego,

380 2217 425 2280 sic
439 2217 504 2281 fere
520 2216 636 2280 dixeris
652 2218 812 2286 auctorem
836 2237 940 2280 secum
963 2219 1142 2299 reputasse,
1165 2214 1332 2298 antiquam
1348 2213 1421 2299 phi-

378 2334 557 2420 losophiam
585 2336 655 2420 jam
684 2335 852 2399 demolitus
883 2356 962 2398 sum.
987 2333 1049 2399 Sed
1072 2338 1199 2417 tempus
1221 2335 1328 2399 veniet
1358 2355 1420 2418 quo
1454 2321 1458 2330 ’

381 2454 422 2518 ad
452 2454 570 2518 bonam
599 2453 725 2548 frugem
755 2477 791 2518 se
818 2453 955 2536 recipere
978 2457 1126 2540 conetur,
1148 2455 1246 2539 probe
1269 2453 1367 2520 sentit
1389 2474 1422 2518 se

381 2591 536 2655 magnum
566 2571 658 2634 illum
691 2573 919 2654 ἐνθουσιασμόν
950 2594 1006 2656 per
1032 2572 1133 2636 multa
1156 2572 1281 2637 saecule
1303 2571 1422 2637 Graeco

382 2690 499 2774 populo
521 2689 656 2755 insitum
686 2692 815 2756 famosis
838 2691 1027 2777 quibusdam
1049 2693 1165 2758 libellis
1188 2693 1290 2758 delere
1313 2697 1346 2758 et
1367 2694 1422 2758 de-

256 2874 259 2878 ,
383 2808 487 2873 moliri
507 2832 573 2874 non
595 2832 703 2894 posse,
726 2815 758 2876 et
777 2812 912 2897 jamjam
935 2811 1129 2878 Piscatorem
1151 2814 1286 2878 scribere
1308 2835 1424 2899 aggre-

382 2915 470 2992 ditur
503 2932 540 2992 ut
572 2929 805 3012 poenitentiam
834 2931 991 2995 ostendat.
1026 2931 1122 2996 Modo
1151 2931 1214 2996 luit
1237 2933 1426 3012 maledicus,

341 3099 342 3102 ,
382 3069 470 3112 nunc
492 3048 547 3113 fiet
569 3047 653 3112 idem
676 3049 822 3116 mendax.
846 3048 1022 3135 Designare
1043 3050 1150 3135 nolui,
1174 3051 1219 3116 sic
1240 3051 1306 3116 lere
1320 3051 1425 3137 loqui-

383 3170 454 3246 tur,
477 3167 627 3254 antiquos
648 3168 719 3234 illos
742 3170 918 3253 praeclaros
940 3169 1144 3254 philosophos
1162 3171 1216 3236 sed
1239 3171 1426 3256 depravatos

383 3285 585 3366 imitatores,
612 3287 719 3371 quales
752 3310 839 3352 nunc
871 3292 972 3367 sunt,
1005 3309 1109 3374 neque
1140 3292 1249 3354 tamen
1282 3289 1318 3354 in
1351 3310 1425 3375 pos-

429 3717 451 3796 ¹)
473 3718 562 3779 Verae
584 3718 745 3792 Historiae,
768 3720 813 3792 Π,
836 3720 867 3780 0.
893 3722 943 3784 17.
979 3783 981 3786 ,
1326 3795 1336 3810 ἡ

429 3815 615 3898 ²)1bid23.
642 3824 684 3884 ef.
711 3824 795 3883 etiam
817 3844 888 3902 quae
910 3824 1042 3901 leguntur
1066 3825 1097 3884 in
1122 3825 1350 3906 Icaromenippo,
1377 3829 1428 3892 ubi

385 3931 518 4009 luppiter
526 3932 596 3990 dicit
611 3931 775 4011 τοιγαροῦν
788 3925 999 4012 ψυχροτέρους
1010 3929 1050 3992 ἄν
1062 3950 1122 4010 μου
1134 3929 1204 4002 τούς
1216 3931 1337 4016 βωμούς
1349 3930 1428 4006 ἴδοις

386 4038 467 4100 τῶν
488 4032 713 4110 Πλάτωνος
736 4035 867 4118 νόμων
890 4039 990 4119 ἤτῶν
1006 4035 1197 4120 Χρυσίππου
1213 4035 1427 4123 συλλογισμῶν

387 4151 414 4203 et
436 4144 647 4203 acerbissimum
670 4146 776 4204 dictum
799 4145 834 4202 de
860 4145 1019 4222 Pythagora
1033 4145 1063 4202 in
1078 4145 1183 4221 gallum
1196 4151 1304 4206 mutato
1316 4167 1427 4208 causam

385 4255 541 4330 exponente
552 4268 602 4307 cur
612 4249 676 4308 laba
687 4249 959 4330 abstinerejusserit.
982 4248 1130 4307 Somnium
1142 4249 1201 4308 sive
1217 4251 1325 4312 Gallus.
1338 4254 1361 4313 G
1377 4255 1426 4314 16.
