3408 5180
764 557 805 620 69

260 773 463 859 philosophos
474 774 608 838 roderet.
621 773 710 850 Quod
719 774 744 837 ii
756 774 811 858 qui
823 773 998 838 Lucienum
1014 778 1176 863 auctorem
1189 774 1219 839 N
1221 775 1307 859 igrin

260 912 324 956 esse
348 893 477 969 volunt,
507 893 619 956 saltem
643 893 832 970 concedant,
858 892 967 969 credo,
991 913 1115 956 necesse
1138 896 1201 969 est,
1229 915 1306 956 nam
1380 881 1384 892 ’

260 1013 344 1074 totus
375 1011 518 1097 dialogus
549 1016 630 1076 κατὰ
662 1011 716 1079 τὸν
750 1021 812 1077 τῶν
838 1015 973 1098 ῥητόρων
1005 1015 1102 1096 νόμον
1132 1012 1306 1097 ampullato

259 1128 330 1193 stilo
353 1130 549 1215 conscriptus
572 1134 620 1194 est
642 1134 674 1195 et
696 1130 828 1194 omnino
852 1130 879 1194 si
901 1132 997 1194 semel
1025 1131 1194 1194 etiterum
1217 1129 1304 1213 legas

258 1246 318 1312 hoc
341 1248 438 1313 habet
453 1253 489 1313 ut
503 1272 662 1335 nusquam
684 1249 749 1313 fere
765 1250 942 1334 elegantem
959 1253 991 1312 et
1006 1249 1156 1314 subtilem
1172 1245 1304 1312 Luciani
1430 1292 1433 1299 .

259 1365 417 1431 scribendi
449 1366 578 1428 modum
610 1386 772 1450 agnoscas,
805 1364 883 1440 Quis
906 1365 1003 1434 hierit
1027 1365 1182 1448 Nigrinus
1211 1386 1305 1428 nemo

259 1483 459 1559 mortalium,
488 1481 618 1566 opinor,
649 1504 706 1566 pro
732 1487 818 1546 certo
847 1455 1004 1545 affirmare
1038 1486 1142 1566 potest
1164 1482 1239 1566 quia
1263 1483 1304 1547 ab

258 1600 442 1685 aequalibus
473 1601 521 1665 vel
544 1600 696 1685 sequioris
719 1601 833 1664 aetatis
856 1599 1062 1684 scriptoribus
1085 1623 1243 1685 nusquam
1266 1603 1304 1668 de

258 1741 295 1784 eo
319 1720 439 1784 mentio
462 1720 516 1796 fit3
539 1719 671 1784 fortasse
686 1740 805 1805 magna
822 1741 860 1783 ex
876 1725 966 1804 parte
983 1720 1082 1784 clarus
1097 1719 1304 1806 philosophus

259 1838 360 1904 erasit
382 1839 515 1906 tumidis
529 1839 676 1902 laudibus
692 1840 752 1903 sibi
768 1862 787 1902 a
802 1862 917 1923 parum
933 1839 1035 1904 adbuc
1051 1839 1086 1902 in
1102 1839 1304 1923 philosophia

258 1963 381 2024 versato
404 1963 437 2022 et
459 1958 530 2022 rudi
553 1959 785 2023 adolescentulo
808 1959 948 2029 tributis,
972 1959 1011 2022 In
1034 1981 1071 2022 eo
1087 1959 1193 2024 libello
1211 1959 1310 2036 huci-¹

257 2101 337 2143 anus
359 2079 455 2164 fingit
478 2101 510 2142 se
526 2079 662 2143 Romam
679 2080 801 2144 venisse
816 2080 1000 2143 invocatum
1016 2078 1128 2142 medici
1149 2080 1303 2143 auxilium

258 2204 370 2264 contra
393 2199 556 2264 oculorum
581 2199 744 2275 morbum,
768 2198 876 2283 ibique
892 2199 1059 2282 degentem
1080 2220 1113 2262 se
1129 2197 1303 2282 Nigrinum

257 2318 457 2382 Platonicum
480 2318 705 2403 philosophum
728 2317 849 2381 adiisse.
874 2316 936 2393 oui
951 2317 985 2380 in
1003 2339 1104 2380 mores
1120 2318 1300 2400 aequalium

256 2437 472 2501 Romanorum
503 2436 687 2520 praesertim
711 2436 812 2500 multa
846 2437 990 2500 invectus
1024 2435 1090 2499 fere
1124 2435 1234 2500 eadem
1267 2437 1301 2499 et

257 2579 489 2642 nonnunquam
521 2556 683 2621 vocabulis
712 2557 808 2640 plane
835 2555 946 2619 iisdem
969 2555 1003 2620 in
1027 2554 1067 2618 iis
1097 2554 1302 2638 reprehendit

255 2680 352 2762 atque
366 2675 388 2742 J
390 2676 531 2741 uvenalis
543 2675 577 2738 in
592 2676 691 2766 satira
706 2674 811 2752 tertia,
827 2674 884 2738 ubi
899 2674 1099 2739 incommoda
1114 2678 1146 2738 et
1161 2673 1300 2758 pericula

256 2795 341 2860 vitae
349 2795 489 2859 urbanae
496 2798 565 2858 tam
574 2793 688 2858 aeriter
697 2794 918 2877 vituperantur
941 2792 966 2878 1)
981 2792 1177 2857 hoctantum
1190 2793 1300 2857 discri-

257 2914 343 2977 mine
363 2913 446 2998 quod
470 2913 618 2977 omnibus
634 2913 770 2989 sahbus,
795 2911 910 2996 quibus
932 2909 1097 2976 luvenalis
1109 2910 1244 2977 Graecos
1268 2917 1300 2978 et

256 3031 425 3096 Graeculos
440 3031 621 3117 perfricuit,
638 3030 794 3116 Nigrinus
816 3030 978 3094 Romanos
1000 3031 1184 3094 insectatur.
1209 3030 1299 3106 Quod

255 3151 391 3236 legimus
413 3152 448 3214 in
479 3151 574 3215 titulo
604 3151 720 3230 libelli,
757 3150 821 3214 «de
844 3149 985 3213 moribus
1008 3148 1293 3233 philosophorum»

255 3292 421 3354 perperam
444 3268 587 3333 additum
603 3267 728 3332 videtur
752 3291 770 3330 a
793 3267 1003 3352 grammatico
1020 3266 1125 3330 nescio
1141 3288 1203 3350 quo
1219 3267 1298 3332 alias

256 3411 306 3454 res
327 3389 451 3476 agenti,
476 3389 592 3453 etenim
611 3410 675 3452 non
692 3392 820 3452 tantum
835 3385 1296 3471 philosophiperstringuntur,

255 3509 354 3574 immo
378 3530 452 3574 vero
475 3509 513 3572 de
534 3507 599 3572 illis
621 3528 720 3592 prope
742 3506 830 3572 nulla
846 3506 967 3570 mentio
990 3506 1029 3569 fit
1052 3525 1125 3592 prae
1148 3504 1218 3568 aliis
1241 3504 1298 3590 qui

254 3651 273 3692 a
296 3627 434 3714 Nigrino
458 3627 540 3691 male
562 3626 706 3690 audiunt.
730 3624 924 3710 Simplicitas
943 3646 1067 3688 morum
1089 3623 1214 3708 qualem
1238 3621 1297 3688 Ni-

254 3915 355 3974 Werke
384 3915 437 3972 mit
466 3913 688 3989 Anmerkungen
715 3932 743 3972 u.
773 3912 998 3990 Erltuterungen
1027 3914 1160 3972 versehen
1183 3931 1240 3972 von
1264 3914 1295 3974 Ο.

255 4020 297 4078 M.
321 4018 486 4087 Wmmun,
510 4017 540 4086 Ι,
567 4019 615 4073 18.

300 4125 323 4202 ¹)
335 4128 377 4186 cf.
391 4147 416 4186 v.
429 4147 453 4186 c.
465 4125 604 4202 Nigrinus
616 4124 647 4184 0.
662 4128 716 4182 20:
730 4117 963 4202 μαρτυρομένης
979 4125 1032 4199 τῆς
1050 4118 1153 4203 Τύχης
1170 4118 1295 4194 παίζειν

257 4234 296 4295 τὰ
312 4235 375 4296 τῶν
399 4231 580 4314 ἀνθρώπων
604 4235 774 4312 πράγματα
797 4252 857 4311 sqq.
874 4252 938 4290 cum
949 4233 1090 4291 iuvenali.
1101 4234 1158 4293 Sat.
1172 4234 1231 4304 ΙΙΙ,
1246 4237 1296 4293 40.
