<?xml version="1.0" encoding="UTF-8"?>
<!DOCTYPE html PUBLIC "-//W3C//DTD XHTML 1.0 Transitional//EN"
    "http://www.w3.org/TR/xhtml1/DTD/xhtml1-transitional.dtd">
<html xmlns="http://www.w3.org/1999/xhtml" xml:lang="en" lang="en">
 <head>
  <title>
</title>
<meta http-equiv="Content-Type" content="text/html;charset=utf-8" />
  <meta name='ocr-system' content='tesseract 3.04.00' />
  <meta name='ocr-capabilities' content='ocr_page ocr_carea ocr_par ocr_line ocrx_word'/>
</head>
<body>
  <div class='ocr_page' id='page_1' title='image "./delucianoaequal00marggoog/delucianoaequal00marggoog_0077.png"; bbox 0 0 3408 5180; ppageno 0'>
   <div class='ocr_carea' id='block_1_1' title="bbox 370 789 1418 2073">
    <p class='ocr_par' dir='ltr' id='par_1_1' title="bbox 370 789 1418 2073">
     <span class='ocr_line' id='line_1_1' title="bbox 372 789 1415 877; baseline 0 -22"><span class='ocrx_word' id='word_1_1' title='bbox 372 789 450 856; x_wconf 87' lang='lat' dir='ltr'><strong>duas</strong></span> <span class='ocrx_word' id='word_1_2' title='bbox 482 795 589 877; x_wconf 85' lang='lat' dir='ltr'><strong>partes</strong></span> <span class='ocrx_word' id='word_1_3' title='bbox 623 791 726 877; x_wconf 89' lang='lat' dir='ltr'><strong>pictor</strong></span> <span class='ocrx_word' id='word_1_4' title='bbox 760 790 915 856; x_wconf 85' lang='lat' dir='ltr'><strong>divideret</strong></span> <span class='ocrx_word' id='word_1_5' title='bbox 945 813 1070 856; x_wconf 89' lang='lat' dir='ltr'><strong>necesse</strong></span> <span class='ocrx_word' id='word_1_6' title='bbox 1092 795 1191 870; x_wconf 87' lang='lat' dir='ltr'><strong>esset,</strong></span> <span class='ocrx_word' id='word_1_7' title='bbox 1222 814 1357 877; x_wconf 91' lang='lat' dir='ltr'><strong>quarum</strong></span> <span class='ocrx_word' id='word_1_8' title='bbox 1380 791 1415 855; x_wconf 86' lang='lat' dir='ltr'><strong>iu</strong></span> 
     </span>
     <span class='ocr_line' id='line_1_2' title="bbox 372 911 1416 998; baseline 0 -22"><span class='ocrx_word' id='word_1_9' title='bbox 372 933 436 976; x_wconf 89' lang='lat' dir='ltr'><strong>una</strong></span> <span class='ocrx_word' id='word_1_10' title='bbox 462 912 580 998; x_wconf 82' lang='lat' dir='ltr'><strong>species</strong></span> <span class='ocrx_word' id='word_1_11' title='bbox 602 911 783 997; x_wconf 81' lang='lat' dir='ltr'>philosophi</span> <span class='ocrx_word' id='word_1_12' title='bbox 809 913 1033 998; x_wconf 77' lang='lat' dir='ltr'><strong>depingeretur</strong></span> <span class='ocrx_word' id='word_1_13' title='bbox 1057 936 1154 998; x_wconf 90' lang='lat' dir='ltr'><strong>quam</strong></span> <span class='ocrx_word' id='word_1_14' title='bbox 1180 913 1320 978; x_wconf 78' lang='lat' dir='ltr'><strong>interdiu</strong></span> <span class='ocrx_word' id='word_1_15' title='bbox 1341 934 1416 997; x_wconf 89' lang='lat' dir='ltr'><strong>prae</strong></span> 
     </span>
     <span class='ocr_line' id='line_1_3' title="bbox 372 1030 1417 1117; baseline 0.001 -21"><span class='ocrx_word' id='word_1_16' title='bbox 372 1053 405 1096; x_wconf 91' lang='lat' dir='ltr'><strong>se</strong></span> <span class='ocrx_word' id='word_1_17' title='bbox 437 1030 518 1095; x_wconf 88' lang='lat' dir='ltr'><strong>ferre</strong></span> <span class='ocrx_word' id='word_1_18' title='bbox 551 1031 667 1106; x_wconf 87' lang='lat' dir='ltr'><strong>soleat,</strong></span> <span class='ocrx_word' id='word_1_19' title='bbox 701 1031 736 1094; x_wconf 92' lang='lat' dir='ltr'><strong>in</strong></span> <span class='ocrx_word' id='word_1_20' title='bbox 767 1031 867 1096; x_wconf 86' lang='lat' dir='ltr'><strong>altera</strong></span> <span class='ocrx_word' id='word_1_21' title='bbox 898 1035 1005 1096; x_wconf 88' lang='lat' dir='ltr'><strong>autem</strong></span> <span class='ocrx_word' id='word_1_22' title='bbox 1035 1031 1299 1117; x_wconf 84' lang='lat' dir='ltr'><strong>quemadmodum</strong></span> <span class='ocrx_word' id='word_1_23' title='bbox 1323 1035 1417 1097; x_wconf 89' lang='lat' dir='ltr'><strong>nocte</strong></span> 
     </span>
     <span class='ocr_line' id='line_1_4' title="bbox 373 1149 1416 1236; baseline 0 -22"><span class='ocrx_word' id='word_1_24' title='bbox 373 1153 469 1234; x_wconf 87' lang='lat' dir='ltr'><strong>atque</strong></span> <span class='ocrx_word' id='word_1_25' title='bbox 495 1149 530 1214; x_wconf 92' lang='lat' dir='ltr'><strong>in</strong></span> <span class='ocrx_word' id='word_1_26' title='bbox 564 1149 703 1215; x_wconf 87' lang='lat' dir='ltr'><strong>tenebris</strong></span> <span class='ocrx_word' id='word_1_27' title='bbox 736 1149 834 1214; x_wconf 79' lang='lat' dir='ltr'><strong>vitam</strong></span> <span class='ocrx_word' id='word_1_28' title='bbox 872 1150 976 1235; x_wconf 82' lang='lat' dir='ltr'><strong>degat.</strong></span> <span class='ocrx_word' id='word_1_29' title='bbox 1000 1149 1109 1214; x_wconf 91' lang='lat' dir='ltr'><strong>Prima</strong></span> <span class='ocrx_word' id='word_1_30' title='bbox 1135 1150 1171 1214; x_wconf 92' lang='lat' dir='ltr'><strong>iu</strong></span> <span class='ocrx_word' id='word_1_31' title='bbox 1194 1155 1285 1236; x_wconf 89' lang='lat' dir='ltr'><strong>parte</strong></span> <span class='ocrx_word' id='word_1_32' title='bbox 1309 1154 1416 1215; x_wconf 90' lang='lat' dir='ltr'><strong>autem</strong></span> 
     </span>
     <span class='ocr_line' id='line_1_5' title="bbox 371 1268 1417 1353; baseline 0.002 -21"><span class='ocrx_word' id='word_1_33' title='bbox 371 1272 442 1332; x_wconf 90' lang='lat' dir='ltr'><strong>tum</strong></span> <span class='ocrx_word' id='word_1_34' title='bbox 476 1272 551 1333; x_wconf 89' lang='lat' dir='ltr'><strong>ante</strong></span> <span class='ocrx_word' id='word_1_35' title='bbox 580 1268 686 1342; x_wconf 89' lang='lat' dir='ltr'><strong>oculos</strong></span> <span class='ocrx_word' id='word_1_36' title='bbox 717 1268 1004 1353; x_wconf 85' lang='lat' dir='ltr'><strong>contemplantium</strong></span> <span class='ocrx_word' id='word_1_37' title='bbox 1027 1273 1194 1353; x_wconf 81' lang='lat' dir='ltr'><strong>appareret</strong></span> <span class='ocrx_word' id='word_1_38' title='bbox 1219 1269 1316 1334; x_wconf 94' lang='lat' dir='ltr'><strong>homo</strong></span> <span class='ocrx_word' id='word_1_39' title='bbox 1339 1268 1417 1334; x_wconf 88' lang='lat' dir='ltr'><strong>trito</strong></span> 
     </span>
     <span class='ocr_line' id='line_1_6' title="bbox 370 1387 1416 1478; baseline 0.001 -26"><span class='ocrx_word' id='word_1_40' title='bbox 370 1387 499 1473; x_wconf 91' lang='lat' dir='ltr'><strong>palliolo</strong></span> <span class='ocrx_word' id='word_1_41' title='bbox 522 1389 656 1453; x_wconf 85' lang='lat' dir='ltr'><strong>restitus</strong></span> <span class='ocrx_word' id='word_1_42' title='bbox 669 1389 850 1478; x_wconf 78' lang='grc' dir='ltr'>(τριβώνιον</span> <span class='ocrx_word' id='word_1_43' title='bbox 874 1388 1147 1478; x_wconf 69' lang='grc' dir='ltr'><strong>περιβεβλημένος)</strong></span> <span class='ocrx_word' id='word_1_44' title='bbox 1164 1390 1189 1475; x_wconf 88' lang='lat'><strong>¹)</strong></span> <span class='ocrx_word' id='word_1_45' title='bbox 1210 1412 1282 1455; x_wconf 91' lang='lat' dir='ltr'><strong>cum</strong></span> <span class='ocrx_word' id='word_1_46' title='bbox 1304 1389 1416 1453; x_wconf 89' lang='lat' dir='ltr'><strong>baculo</strong></span> 
     </span>
     <span class='ocr_line' id='line_1_7' title="bbox 373 1507 1417 1594; baseline 0 -22"><span class='ocrx_word' id='word_1_47' title='bbox 373 1512 405 1572; x_wconf 89' lang='lat' dir='ltr'><strong>et</strong></span> <span class='ocrx_word' id='word_1_48' title='bbox 426 1530 502 1592; x_wconf 89' lang='lat' dir='ltr'><strong>pera</strong></span> <span class='ocrx_word' id='word_1_49' title='bbox 525 1507 561 1592; x_wconf 80' lang='lat'><strong>¹),</strong></span> <span class='ocrx_word' id='word_1_50' title='bbox 585 1508 720 1593; x_wconf 89' lang='lat' dir='ltr'><strong>pallidus</strong></span> <span class='ocrx_word' id='word_1_51' title='bbox 744 1508 783 1593; x_wconf 81' lang='lat'><strong>³),</strong></span> <span class='ocrx_word' id='word_1_52' title='bbox 795 1508 969 1593; x_wconf 85' lang='lat' dir='ltr'><strong>superciliis</strong></span> <span class='ocrx_word' id='word_1_53' title='bbox 981 1508 1152 1574; x_wconf 84' lang='lat' dir='ltr'><strong>contractis</strong></span> <span class='ocrx_word' id='word_1_54' title='bbox 1169 1512 1367 1594; x_wconf 79' lang='grc' dir='ltr'>[σκυθρωπός</span> <span class='ocrx_word' id='word_1_55' title='bbox 1383 1512 1417 1572; x_wconf 89' lang='grc' dir='ltr'><strong>τὸ</strong></span> 
     </span>
     <span class='ocr_line' id='line_1_8' title="bbox 373 1627 1417 1714; baseline 0 -24"><span class='ocrx_word' id='word_1_56' title='bbox 373 1631 548 1712; x_wconf 85' lang='grc' dir='ltr'>πρόσωπον,</span> <span class='ocrx_word' id='word_1_57' title='bbox 573 1631 629 1702; x_wconf 86' lang='grc' dir='ltr'><strong>τὰς</strong></span> <span class='ocrx_word' id='word_1_58' title='bbox 641 1629 734 1714; x_wconf 80' lang='grc' dir='ltr'>ὀφρῦς</span> <span class='ocrx_word' id='word_1_59' title='bbox 751 1629 936 1711; x_wconf 80' lang='grc' dir='ltr'>α’νατείνας]</span> <span class='ocrx_word' id='word_1_60' title='bbox 953 1627 989 1706; x_wconf 65' lang='grc'><strong>4),</strong></span> <span class='ocrx_word' id='word_1_61' title='bbox 1005 1627 1120 1691; x_wconf 89' lang='lat' dir='ltr'><strong>obtutu</strong></span> <span class='ocrx_word' id='word_1_62' title='bbox 1135 1628 1297 1691; x_wconf 91' lang='lat' dir='ltr'><strong>oculorum</strong></span> <span class='ocrx_word' id='word_1_63' title='bbox 1310 1648 1417 1690; x_wconf 87' lang='lat' dir='ltr'><strong>severo</strong></span> 
     </span>
     <span class='ocr_line' id='line_1_9' title="bbox 371 1745 1418 1836; baseline -0.002 -25"><span class='ocrx_word' id='word_1_64' title='bbox 371 1747 540 1812; x_wconf 81' lang='lat' dir='ltr'><strong>admodum</strong></span> <span class='ocrx_word' id='word_1_65' title='bbox 574 1752 607 1812; x_wconf 88' lang='lat' dir='ltr'><strong>et</strong></span> <span class='ocrx_word' id='word_1_66' title='bbox 642 1748 806 1834; x_wconf 81' lang='lat' dir='ltr'><strong>arroganti</strong></span> <span class='ocrx_word' id='word_1_67' title='bbox 830 1749 1018 1834; x_wconf 72' lang='grc' dir='ltr'>[τιτανῶδες</span> <span class='ocrx_word' id='word_1_68' title='bbox 1050 1748 1193 1836; x_wconf 79' lang='grc' dir='ltr'>βλέπων]</span> <span class='ocrx_word' id='word_1_69' title='bbox 1227 1747 1271 1833; x_wconf 66' lang='grc'><strong>5),</strong></span> <span class='ocrx_word' id='word_1_70' title='bbox 1295 1745 1418 1831; x_wconf 83' lang='lat' dir='ltr'><strong>capillis</strong></span> 
     </span>
     <span class='ocr_line' id='line_1_10' title="bbox 372 1867 1417 1955; baseline -0.002 -23"><span class='ocrx_word' id='word_1_71' title='bbox 372 1867 583 1932; x_wconf 85' lang='lat' dir='ltr'><strong>anterioribus</strong></span> <span class='ocrx_word' id='word_1_72' title='bbox 603 1871 776 1932; x_wconf 86' lang='lat' dir='ltr'><strong>retrorsum</strong></span> <span class='ocrx_word' id='word_1_73' title='bbox 788 1869 930 1952; x_wconf 86' lang='lat' dir='ltr'><strong>rejectis,</strong></span> <span class='ocrx_word' id='word_1_74' title='bbox 952 1867 1232 1955; x_wconf 70' lang='grc' dir='ltr'>(ἀνασεσοβημένος</span> <span class='ocrx_word' id='word_1_75' title='bbox 1248 1873 1305 1948; x_wconf 75' lang='grc' dir='ltr'><strong>τὴν</strong></span> <span class='ocrx_word' id='word_1_76' title='bbox 1323 1870 1356 1932; x_wconf 80' lang='grc' dir='ltr'><strong>ἐν</strong></span> <span class='ocrx_word' id='word_1_77' title='bbox 1374 1871 1417 1950; x_wconf 76' lang='grc' dir='ltr'><strong>τῷ</strong></span> 
     </span>
     <span class='ocr_line' id='line_1_11' title="bbox 372 1986 1418 2073; baseline -0.003 -22"><span class='ocrx_word' id='word_1_78' title='bbox 372 1990 505 2072; x_wconf 83' lang='grc' dir='ltr'>μετώπῳ</span> <span class='ocrx_word' id='word_1_79' title='bbox 526 1986 679 2071; x_wconf 49' lang='lat' dir='ltr'><strong>adunam,</strong></span> <span class='ocrx_word' id='word_1_80' title='bbox 700 1987 798 2050; x_wconf 89' lang='lat' dir='ltr'><strong>barba</strong></span> <span class='ocrx_word' id='word_1_81' title='bbox 814 2010 912 2072; x_wconf 87' lang='lat' dir='ltr'><strong>usquc</strong></span> <span class='ocrx_word' id='word_1_82' title='bbox 920 1988 954 2051; x_wconf 89' lang='lat' dir='ltr'><strong>iu</strong></span> <span class='ocrx_word' id='word_1_83' title='bbox 968 1991 1077 2072; x_wconf 87' lang='lat' dir='ltr'><strong>pectus</strong></span> <span class='ocrx_word' id='word_1_84' title='bbox 1086 1986 1243 2073; x_wconf 85' lang='lat' dir='ltr'><strong>promissa</strong></span> <span class='ocrx_word' id='word_1_85' title='bbox 1251 1987 1418 2072; x_wconf 75' lang='grc' dir='ltr'>(πώγωνας</span> 
     </span>
    </p>
   </div>
   <div class='ocr_carea' id='block_1_2' title="bbox 372 2099 1418 2200">
    <p class='ocr_par' dir='ltr' id='par_1_2' title="bbox 372 2099 1418 2200">
     <span class='ocr_line' id='line_1_12' title="bbox 372 2099 1418 2200; baseline 0 -29"><span class='ocrx_word' id='word_1_86' title='bbox 372 2113 487 2196; x_wconf 75' lang='grc' dir='ltr'>βαθεῖς</span> <span class='ocrx_word' id='word_1_87' title='bbox 510 2106 706 2190; x_wconf 80' lang='grc' dir='ltr'>καθειμένοι)</span> <span class='ocrx_word' id='word_1_88' title='bbox 731 2107 767 2192; x_wconf 85' lang='lat'><strong>⁷),</strong></span> <span class='ocrx_word' id='word_1_89' title='bbox 790 2099 908 2171; x_wconf 89' lang='lat' dir='ltr'><strong>librum</strong></span> <span class='ocrx_word' id='word_1_90' title='bbox 929 2108 1019 2172; x_wconf 84' lang='lat' dir='ltr'><strong>laeva</strong></span> <span class='ocrx_word' id='word_1_91' title='bbox 1032 2130 1130 2170; x_wconf 90' lang='lat' dir='ltr'><strong>manu</strong></span> <span class='ocrx_word' id='word_1_92' title='bbox 1149 2111 1261 2200; x_wconf 84' lang='lat' dir='ltr'><strong>tenens</strong></span> <span class='ocrx_word' id='word_1_93' title='bbox 1278 2104 1418 2194; x_wconf 78' lang='grc' dir='ltr'>(βιβλίον</span> 
     </span>
    </p>
   </div>
   <div class='ocr_carea' id='block_1_3' title="bbox 312 2226 1419 2908">
    <p class='ocr_par' dir='ltr' id='par_1_3' title="bbox 312 2226 1419 2908">
     <span class='ocr_line' id='line_1_13' title="bbox 375 2226 1419 2314; baseline -0.004 -20"><span class='ocrx_word' id='word_1_94' title='bbox 375 2231 408 2294; x_wconf 75' lang='grc' dir='ltr'><strong>ἐν</strong></span> <span class='ocrx_word' id='word_1_95' title='bbox 417 2235 456 2312; x_wconf 84' lang='grc' dir='ltr'><strong>τῇ</strong></span> <span class='ocrx_word' id='word_1_96' title='bbox 470 2227 625 2312; x_wconf 77' lang='grc' dir='ltr'><strong>οέριοτερᾲ)</strong></span> <span class='ocrx_word' id='word_1_97' title='bbox 638 2226 675 2312; x_wconf 79' lang='lat'><strong>⁸),</strong></span> <span class='ocrx_word' id='word_1_98' title='bbox 691 2226 814 2290; x_wconf 81' lang='lat' dir='ltr'><strong>incessu</strong></span> <span class='ocrx_word' id='word_1_99' title='bbox 828 2226 919 2312; x_wconf 86' lang='lat' dir='ltr'><strong>gravi</strong></span> <span class='ocrx_word' id='word_1_100' title='bbox 935 2230 1030 2310; x_wconf 87' lang='lat' dir='ltr'><strong>atquc</strong></span> <span class='ocrx_word' id='word_1_101' title='bbox 1042 2226 1164 2311; x_wconf 91' lang='lat' dir='ltr'><strong>placido</strong></span> <span class='ocrx_word' id='word_1_102' title='bbox 1177 2227 1419 2314; x_wconf 64' lang='lat' dir='ltr'><strong>(pprrdrloprro&#39;r</strong></span> 
     </span>
     <span class='ocr_line' id='line_1_14' title="bbox 373 2341 1419 2434; baseline -0.002 -21"><span class='ocrx_word' id='word_1_103' title='bbox 373 2375 403 2413; x_wconf 85' lang='grc' dir='ltr'><strong>τι</strong></span> <span class='ocrx_word' id='word_1_104' title='bbox 416 2351 491 2434; x_wconf 85' lang='grc' dir='ltr'><strong>πρὸς</strong></span> <span class='ocrx_word' id='word_1_105' title='bbox 503 2348 600 2414; x_wconf 75' lang='grc' dir='ltr'>αὑτὸν</span> <span class='ocrx_word' id='word_1_106' title='bbox 613 2348 748 2434; x_wconf 76' lang='grc' dir='ltr'><strong>ἔρχεται)</strong></span> <span class='ocrx_word' id='word_1_107' title='bbox 761 2341 796 2430; x_wconf 79' lang='lat'><strong>⁹),</strong></span> <span class='ocrx_word' id='word_1_108' title='bbox 812 2345 924 2411; x_wconf 85' lang='lat' dir='ltr'><strong>Altera</strong></span> <span class='ocrx_word' id='word_1_109' title='bbox 939 2346 974 2410; x_wconf 90' lang='lat' dir='ltr'><strong>in</strong></span> <span class='ocrx_word' id='word_1_110' title='bbox 986 2351 1076 2431; x_wconf 88' lang='lat' dir='ltr'><strong>parte</strong></span> <span class='ocrx_word' id='word_1_111' title='bbox 1088 2350 1195 2410; x_wconf 92' lang='lat' dir='ltr'><strong>autem</strong></span> <span class='ocrx_word' id='word_1_112' title='bbox 1207 2351 1419 2432; x_wconf 81' lang='lat' dir='ltr'><strong>spectaremus</strong></span> 
     </span>
     <span class='ocr_line' id='line_1_15' title="bbox 312 2463 1418 2547; baseline -0.002 -16"><span class='ocrx_word' id='word_1_113' title='bbox 312 2543 314 2547; x_wconf 84' lang='lat'><strong>.</strong></span> <span class='ocrx_word' id='word_1_114' title='bbox 373 2467 569 2545; x_wconf 86' lang='lat' dir='ltr'><strong>adulterum,</strong></span> <span class='ocrx_word' id='word_1_115' title='bbox 598 2471 654 2530; x_wconf 93' lang='lat' dir='ltr'><strong>aut</strong></span> <span class='ocrx_word' id='word_1_116' title='bbox 684 2467 806 2543; x_wconf 84' lang='lat' dir='ltr'><strong>furem,</strong></span> <span class='ocrx_word' id='word_1_117' title='bbox 837 2469 894 2528; x_wconf 88' lang='lat' dir='ltr'><strong>aut</strong></span> <span class='ocrx_word' id='word_1_118' title='bbox 920 2463 1105 2541; x_wconf 84' lang='lat' dir='ltr'><strong>cinaedum,</strong></span> <span class='ocrx_word' id='word_1_119' title='bbox 1130 2468 1186 2528; x_wconf 87' lang='lat' dir='ltr'><strong>aut</strong></span> <span class='ocrx_word' id='word_1_120' title='bbox 1209 2468 1418 2530; x_wconf 86' lang='lat' dir='ltr'><strong>veteratorem</strong></span> 
     </span>
     <span class='ocr_line' id='line_1_16' title="bbox 370 2579 1416 2670; baseline -0.001 -21"><span class='ocrx_word' id='word_1_121' title='bbox 370 2585 505 2669; x_wconf 88' lang='lat' dir='ltr'><strong>denique</strong></span> <span class='ocrx_word' id='word_1_122' title='bbox 516 2586 551 2648; x_wconf 90' lang='lat' dir='ltr'><strong>in</strong></span> <span class='ocrx_word' id='word_1_123' title='bbox 566 2584 644 2668; x_wconf 82' lang='lat' dir='ltr'><strong>ipsis</strong></span> <span class='ocrx_word' id='word_1_124' title='bbox 652 2583 783 2668; x_wconf 87' lang='lat' dir='ltr'><strong>flagitiis</strong></span> <span class='ocrx_word' id='word_1_125' title='bbox 793 2583 980 2668; x_wconf 87' lang='lat' dir='ltr'><strong>deprensum</strong></span> <span class='ocrx_word' id='word_1_126' title='bbox 993 2582 1114 2650; x_wconf 83' lang='grc' dir='ltr'>ἁλόντα</span> <span class='ocrx_word' id='word_1_127' title='bbox 1127 2579 1179 2648; x_wconf 63' lang='grc' dir='ltr'><strong>ἐπ”</strong></span> <span class='ocrx_word' id='word_1_128' title='bbox 1187 2585 1359 2670; x_wconf 78' lang='grc' dir='ltr'>αὐτοφώρῳ</span> <span class='ocrx_word' id='word_1_129' title='bbox 1370 2584 1416 2669; x_wconf 81' lang='lat'><strong>¹⁰).</strong></span> 
     </span>
     <span class='ocr_line' id='line_1_17' title="bbox 370 2702 1418 2788; baseline 0.001 -21"><span class='ocrx_word' id='word_1_130' title='bbox 370 2703 460 2780; x_wconf 79' lang='lat' dir='ltr'><strong>Quod</strong></span> <span class='ocrx_word' id='word_1_131' title='bbox 490 2703 592 2788; x_wconf 92' lang='lat' dir='ltr'><strong>pictor</strong></span> <span class='ocrx_word' id='word_1_132' title='bbox 615 2702 786 2787; x_wconf 83' lang='lat' dir='ltr'><strong>depingere</strong></span> <span class='ocrx_word' id='word_1_133' title='bbox 811 2723 877 2766; x_wconf 92' lang='lat' dir='ltr'><strong>non</strong></span> <span class='ocrx_word' id='word_1_134' title='bbox 900 2707 1006 2786; x_wconf 88' lang='lat' dir='ltr'><strong>posset</strong></span> <span class='ocrx_word' id='word_1_135' title='bbox 1029 2703 1081 2766; x_wconf 86' lang='lat' dir='ltr'><strong>sed</strong></span> <span class='ocrx_word' id='word_1_136' title='bbox 1105 2703 1262 2787; x_wconf 87' lang='lat' dir='ltr'><strong>interpres</strong></span> <span class='ocrx_word' id='word_1_137' title='bbox 1285 2702 1418 2768; x_wconf 86' lang='lat' dir='ltr'><strong>fortasse</strong></span> 
     </span>
     <span class='ocr_line' id='line_1_18' title="bbox 373 2821 1419 2908; baseline 0 -20"><span class='ocrx_word' id='word_1_138' title='bbox 373 2822 545 2908; x_wconf 85' lang='lat' dir='ltr'><strong>explicaret</strong></span> <span class='ocrx_word' id='word_1_139' title='bbox 578 2822 670 2886; x_wconf 91' lang='lat' dir='ltr'><strong>illum</strong></span> <span class='ocrx_word' id='word_1_140' title='bbox 702 2844 767 2886; x_wconf 88' lang='lat' dir='ltr'><strong>csse</strong></span> <span class='ocrx_word' id='word_1_141' title='bbox 797 2821 959 2886; x_wconf 90' lang='lat' dir='ltr'><strong>homiuem</strong></span> <span class='ocrx_word' id='word_1_142' title='bbox 983 2843 1041 2885; x_wconf 89' lang='lat' dir='ltr'><strong>usu</strong></span> <span class='ocrx_word' id='word_1_143' title='bbox 1076 2822 1238 2887; x_wconf 91' lang='lat' dir='ltr'><strong>communi</strong></span> <span class='ocrx_word' id='word_1_144' title='bbox 1266 2823 1419 2907; x_wconf 85' lang='lat' dir='ltr'><strong>temporis</strong></span> 
     </span>
    </p>
   </div>
   <div class='ocr_carea' id='block_1_4' title="bbox 397 3065 613 3075">
    <p class='ocr_par' dir='ltr' id='par_1_4' title="bbox 397 3065 613 3075">
     <span class='ocr_line' id='line_1_19' title="bbox 397 3065 613 3075; baseline -0.009 0"><span class='ocrx_word' id='word_1_145' title='bbox 397 3065 613 3075; x_wconf 75' lang='lat'><em>——--—-——</em></span> 
     </span>
    </p>
   </div>
   <div class='ocr_carea' id='block_1_5' title="bbox 374 3215 1420 4352">
    <p class='ocr_par' dir='ltr' id='par_1_5' title="bbox 417 3215 736 3310">
     <span class='ocr_line' id='line_1_20' title="bbox 417 3215 736 3310; baseline 0.003 -17"><span class='ocrx_word' id='word_1_146' title='bbox 417 3239 440 3310; x_wconf 69' lang='grc'><strong>1)</strong></span> <span class='ocrx_word' id='word_1_147' title='bbox 463 3236 605 3307; x_wconf 88' lang='lat' dir='ltr'><strong>Piscator,</strong></span> <span class='ocrx_word' id='word_1_148' title='bbox 630 3236 661 3294; x_wconf 84' lang='lat' dir='ltr'><strong>O.</strong></span> <span class='ocrx_word' id='word_1_149' title='bbox 673 3215 677 3222; x_wconf 33' lang='grc' dir='ltr'>Ι</span> <span class='ocrx_word' id='word_1_150' title='bbox 690 3237 736 3294; x_wconf 92' lang='lat' dir='ltr'><strong>ll.</strong></span> 
     </span>
    </p>

    <p class='ocr_par' dir='ltr' id='par_1_6' title="bbox 416 3338 786 3414">
     <span class='ocr_line' id='line_1_21' title="bbox 416 3338 786 3414; baseline 0 -17"><span class='ocrx_word' id='word_1_151' title='bbox 416 3338 439 3414; x_wconf 75' lang='lat'><strong>²)</strong></span> <span class='ocrx_word' id='word_1_152' title='bbox 462 3339 512 3397; x_wconf 88' lang='lat' dir='ltr'><strong>Bis</strong></span> <span class='ocrx_word' id='word_1_153' title='bbox 534 3345 678 3397; x_wconf 88' lang='lat' dir='ltr'><strong>accusatus</strong></span> <span class='ocrx_word' id='word_1_154' title='bbox 701 3339 732 3398; x_wconf 81' lang='grc' dir='ltr'><strong>Ο.</strong></span> <span class='ocrx_word' id='word_1_155' title='bbox 759 3343 786 3397; x_wconf 87' lang='lat'><strong>6.</strong></span> 
     </span>
    </p>

    <p class='ocr_par' dir='ltr' id='par_1_7' title="bbox 417 3443 801 3520">
     <span class='ocr_line' id='line_1_22' title="bbox 417 3443 801 3520; baseline -0.003 -18"><span class='ocrx_word' id='word_1_156' title='bbox 417 3444 440 3519; x_wconf 72' lang='grc'><strong>3)</strong></span> <span class='ocrx_word' id='word_1_157' title='bbox 465 3443 693 3520; x_wconf 87' lang='lat' dir='ltr'><strong>lcaromenippus</strong></span> <span class='ocrx_word' id='word_1_158' title='bbox 717 3443 749 3501; x_wconf 84' lang='lat' dir='ltr'><strong>O.</strong></span> <span class='ocrx_word' id='word_1_159' title='bbox 775 3447 801 3501; x_wconf 79' lang='lat'><strong>5.</strong></span> 
     </span>
    </p>

    <p class='ocr_par' dir='ltr' id='par_1_8' title="bbox 415 3546 979 3622">
     <span class='ocr_line' id='line_1_23' title="bbox 415 3546 979 3622; baseline -0.002 -18"><span class='ocrx_word' id='word_1_160' title='bbox 415 3550 440 3622; x_wconf 83' lang='grc'><strong>4)</strong></span> <span class='ocrx_word' id='word_1_161' title='bbox 463 3548 537 3606; x_wconf 93' lang='lat' dir='ltr'><strong>lbid.</strong></span> <span class='ocrx_word' id='word_1_162' title='bbox 561 3548 593 3608; x_wconf 83' lang='lat' dir='ltr'><strong>O.</strong></span> <span class='ocrx_word' id='word_1_163' title='bbox 619 3552 646 3606; x_wconf 82' lang='lat'><strong>5.</strong></span> <span class='ocrx_word' id='word_1_164' title='bbox 672 3580 707 3590; x_wconf 94' lang='lat'>-</span> <span class='ocrx_word' id='word_1_165' title='bbox 733 3546 845 3604; x_wconf 89' lang='lat' dir='ltr'><strong>Timon.</strong></span> <span class='ocrx_word' id='word_1_166' title='bbox 870 3546 902 3604; x_wconf 77' lang='lat' dir='ltr'><strong>(l.</strong></span> <span class='ocrx_word' id='word_1_167' title='bbox 928 3549 979 3603; x_wconf 79' lang='lat'><strong>54.</strong></span> 
     </span>
    </p>

    <p class='ocr_par' dir='ltr' id='par_1_9' title="bbox 417 3649 669 3728">
     <span class='ocr_line' id='line_1_24' title="bbox 417 3649 669 3728; baseline 0 -18"><span class='ocrx_word' id='word_1_168' title='bbox 417 3649 441 3728; x_wconf 75' lang='grc'><strong>5)</strong></span> <span class='ocrx_word' id='word_1_169' title='bbox 463 3653 576 3712; x_wconf 81' lang='lat' dir='ltr'><strong>Timon.</strong></span> <span class='ocrx_word' id='word_1_170' title='bbox 599 3652 669 3710; x_wconf 91' lang='lat' dir='ltr'><strong>ibid.</strong></span> 
     </span>
    </p>

    <p class='ocr_par' dir='ltr' id='par_1_10' title="bbox 417 3755 539 3831">
     <span class='ocr_line' id='line_1_25' title="bbox 417 3755 539 3831; baseline 0.025 -19"><span class='ocrx_word' id='word_1_171' title='bbox 417 3755 441 3831; x_wconf 82' lang='grc'><strong>6)</strong></span> <span class='ocrx_word' id='word_1_172' title='bbox 465 3756 539 3815; x_wconf 91' lang='lat' dir='ltr'><strong>lbid.</strong></span> 
     </span>
    </p>

    <p class='ocr_par' dir='ltr' id='par_1_11' title="bbox 374 3859 1420 4038">
     <span class='ocr_line' id='line_1_26' title="bbox 418 3859 1420 3935; baseline 0 -18"><span class='ocrx_word' id='word_1_173' title='bbox 418 3859 442 3935; x_wconf 72' lang='grc'><strong>7)</strong></span> <span class='ocrx_word' id='word_1_174' title='bbox 464 3859 590 3917; x_wconf 87' lang='lat' dir='ltr'><strong>Piscator</strong></span> <span class='ocrx_word' id='word_1_175' title='bbox 611 3859 643 3919; x_wconf 82' lang='lat'><strong>0.</strong></span> <span class='ocrx_word' id='word_1_176' title='bbox 671 3863 719 3919; x_wconf 89' lang='lat' dir='ltr'><strong>ll.</strong></span> <span class='ocrx_word' id='word_1_177' title='bbox 744 3893 784 3905; x_wconf 89' lang='lat'><em>-</em></span> <span class='ocrx_word' id='word_1_178' title='bbox 809 3861 957 3920; x_wconf 88' lang='lat' dir='ltr'><strong>Somnium</strong></span> <span class='ocrx_word' id='word_1_179' title='bbox 980 3861 1038 3920; x_wconf 87' lang='lat' dir='ltr'><strong>sive</strong></span> <span class='ocrx_word' id='word_1_180' title='bbox 1061 3860 1160 3919; x_wconf 84' lang='lat' dir='ltr'><strong>Gallus</strong></span> <span class='ocrx_word' id='word_1_181' title='bbox 1182 3860 1214 3920; x_wconf 86' lang='lat' dir='ltr'><strong>C.</strong></span> <span class='ocrx_word' id='word_1_182' title='bbox 1241 3861 1289 3918; x_wconf 87' lang='lat'><strong>10.</strong></span> <span class='ocrx_word' id='word_1_183' title='bbox 1305 3893 1346 3904; x_wconf 93' lang='lat'><em>-</em></span> <span class='ocrx_word' id='word_1_184' title='bbox 1361 3859 1420 3918; x_wconf 88' lang='lat' dir='ltr'><strong>Ica-</strong></span> 
     </span>
     <span class='ocr_line' id='line_1_27' title="bbox 374 3961 721 4038; baseline 0.003 -19"><span class='ocrx_word' id='word_1_185' title='bbox 374 3961 555 4038; x_wconf 87' lang='lat' dir='ltr'><strong>romenippus</strong></span> <span class='ocrx_word' id='word_1_186' title='bbox 578 3961 609 4021; x_wconf 82' lang='lat' dir='ltr'><strong>O.</strong></span> <span class='ocrx_word' id='word_1_187' title='bbox 636 3966 668 4033; x_wconf 79' lang='lat'><strong>5,</strong></span> <span class='ocrx_word' id='word_1_188' title='bbox 694 3965 721 4020; x_wconf 87' lang='grc'><strong>6.</strong></span> 
     </span>
    </p>

    <p class='ocr_par' dir='ltr' id='par_1_12' title="bbox 416 4054 788 4142">
     <span class='ocr_line' id='line_1_28' title="bbox 416 4054 788 4142; baseline 0.008 -20"><span class='ocrx_word' id='word_1_189' title='bbox 416 4054 440 4142; x_wconf 80' lang='grc'><strong>8)</strong></span> <span class='ocrx_word' id='word_1_190' title='bbox 463 4065 513 4123; x_wconf 93' lang='lat' dir='ltr'><strong>Bis</strong></span> <span class='ocrx_word' id='word_1_191' title='bbox 535 4071 680 4124; x_wconf 83' lang='lat' dir='ltr'><strong>accusatus</strong></span> <span class='ocrx_word' id='word_1_192' title='bbox 702 4066 734 4126; x_wconf 84' lang='lat' dir='ltr'><strong>G.</strong></span> <span class='ocrx_word' id='word_1_193' title='bbox 760 4071 788 4126; x_wconf 85' lang='grc'><strong>6.</strong></span> 
     </span>
    </p>

    <p class='ocr_par' dir='ltr' id='par_1_13' title="bbox 417 4165 706 4244">
     <span class='ocr_line' id='line_1_29' title="bbox 417 4165 706 4244; baseline 0.007 -17"><span class='ocrx_word' id='word_1_194' title='bbox 417 4165 441 4244; x_wconf 84' lang='grc'><strong>9)</strong></span> <span class='ocrx_word' id='word_1_195' title='bbox 464 4169 576 4230; x_wconf 85' lang='lat' dir='ltr'><strong>Timon.</strong></span> <span class='ocrx_word' id='word_1_196' title='bbox 600 4170 632 4231; x_wconf 84' lang='lat' dir='ltr'><strong>G.</strong></span> <span class='ocrx_word' id='word_1_197' title='bbox 658 4175 706 4230; x_wconf 82' lang='lat'><strong>54.</strong></span> 
     </span>
    </p>

    <p class='ocr_par' dir='ltr' id='par_1_14' title="bbox 417 4272 1363 4352">
     <span class='ocr_line' id='line_1_30' title="bbox 417 4272 1363 4352; baseline 0.002 -22"><span class='ocrx_word' id='word_1_198' title='bbox 417 4273 453 4350; x_wconf 89' lang='lat'><strong>1⁰)</strong></span> <span class='ocrx_word' id='word_1_199' title='bbox 476 4273 550 4334; x_wconf 86' lang='lat' dir='ltr'><strong>Diel.</strong></span> <span class='ocrx_word' id='word_1_200' title='bbox 574 4274 713 4336; x_wconf 90' lang='lat' dir='ltr'><strong>meretric.</strong></span> <span class='ocrx_word' id='word_1_201' title='bbox 736 4274 779 4346; x_wconf 88' lang='lat' dir='ltr'><strong>X,</strong></span> <span class='ocrx_word' id='word_1_202' title='bbox 802 4278 830 4334; x_wconf 82' lang='lat'><strong>4.</strong></span> <span class='ocrx_word' id='word_1_203' title='bbox 856 4307 897 4318; x_wconf 91' lang='lat'>-</span> <span class='ocrx_word' id='word_1_204' title='bbox 920 4273 1149 4352; x_wconf 88' lang='lat' dir='ltr'><strong>lcaromenippus</strong></span> <span class='ocrx_word' id='word_1_205' title='bbox 1171 4272 1203 4333; x_wconf 84' lang='lat' dir='ltr'><strong>G.</strong></span> <span class='ocrx_word' id='word_1_206' title='bbox 1228 4275 1363 4333; x_wconf 78' lang='lat' dir='ltr'><strong>rl-so.</strong></span> 
     </span>
    </p>
   </div>
   <div class='ocr_carea' id='block_1_6' title="bbox 0 0 1711 5180">
    <p class='ocr_par' dir='ltr' id='par_1_15' title="bbox 0 0 1711 5180">
     <span class='ocr_line' id='line_1_31' title="bbox 0 0 1711 5180; baseline 0 0"><span class='ocrx_word' id='word_1_207' title='bbox 0 0 1711 5180; x_wconf 95' lang='lat' dir='ltr'><strong> </strong></span> 
     </span>
    </p>
   </div>
  </div>
 </body>
</html>
