3408 5180
849 540 891 603 90

351 757 460 824 Primo
483 759 696 843 apparitorem
719 780 813 844 agere
835 763 868 824 et
889 779 982 842 saepe
1001 759 1123 842 optima
1142 763 1229 822 veste
1247 757 1397 822 indutum

350 878 524 944 salutatum
555 879 603 944 ire
633 884 665 944 et
694 879 816 964 reliqua
846 879 946 943 libero
975 877 1100 942 homini
1132 878 1185 942 vix
1214 877 1344 942 ferenda
1366 881 1400 941 te

350 1001 532 1081 perpetrare
556 998 717 1083 oportebit
736 999 813 1064 dum
836 998 892 1062 ille
915 997 980 1062 alto
998 997 1165 1082 supercilio
1181 996 1310 1063 πολλῶν
1326 997 1398 1078 ἑξῆς

350 1123 471 1202 ἡμερῶν
495 1121 527 1183 te
549 1140 588 1182 ne
612 1118 726 1202 aspicit
748 1118 886 1204 quidem.
912 1116 937 1201 ¹)
961 1116 1025 1182 Fae
1041 1121 1148 1182 entem
1164 1116 1255 1182 illum
1266 1117 1398 1181 tandem

351 1242 383 1302 te
403 1237 510 1302 videre
533 1238 620 1302 etad
636 1259 702 1302 sese
717 1239 823 1303 voeari
836 1238 965 1322 jubere,
982 1237 1059 1322 qnid
1074 1239 1206 1322 postea?
1222 1236 1399 1321 Trepidans

350 1361 382 1422 et
406 1357 506 1422 multo
529 1379 665 1421 manans
688 1357 800 1422 sudore
819 1357 983 1422 adduceris
998 1357 1038 1420 ad
1052 1356 1196 1420 futurum
1213 1355 1398 1441 dominnm,

349 1476 445 1562 plane
479 1477 603 1542 nescius
634 1477 712 1562 qnid
741 1477 789 1540 itti
821 1477 1030 1562 respondeas,
1060 1498 1160 1561 quum
1191 1476 1229 1540 fit
1259 1477 1397 1553 ἐξέτασις

351 1601 377 1660 εἰ
407 1590 502 1662 οἶσθα
530 1601 569 1661 τὰ
591 1603 784 1679 μαθήματα,
807 1617 889 1681 quae
912 1594 1091 1679 disquisitio
1114 1593 1208 1658 simul
1231 1616 1303 1658 oum
1327 1594 1399 1659 aliis

349 1716 485 1782 habetur
525 1720 562 1781 ut
599 1716 764 1781 Romanus
801 1716 986 1801 dignoscere
1021 1717 1126 1798 posset
1159 1713 1396 1798 peritissimum.

350 1834 419 1911 Quo
450 1835 627 1900 tentamine
657 1858 756 1920 quum
774 1837 959 1920 perfunctus
982 1857 1014 1899 es
1046 1833 1150 1899 omnis
1178 1837 1233 1898 tua
1256 1832 1400 1916 superior

350 1951 418 2017 vita
444 1951 614 2036 diligenter
636 1951 812 2036 inquiritur
842 1957 875 2016 et
897 1956 967 2018 tum
990 1953 1118 2016 demum
1141 1973 1239 2035 quum
1263 1956 1295 2017 et
1318 1973 1399 2016 uxor

349 2074 381 2136 et
412 2074 598 2153 procurater
629 2075 661 2134 et
691 2071 889 2156 dispensator
919 2075 951 2136 te
983 2071 1155 2136 admissum
1179 2069 1397 2147 asserebam,

351 2190 506 2256 admissus
541 2191 611 2256 eris.
643 2190 790 2256 Fortasse
820 2196 948 2275 putares
977 2195 1010 2277 te
1036 2192 1105 2276 jam
1136 2191 1334 2274 νενικηκέναι
1358 2194 1398 2254 τὰ

350 2311 509 2394 Ὀλύμπια
532 2311 623 2376 etad
643 2297 803 2376 summani
825 2311 974 2376 fortunae
997 2311 1132 2395 gradum
1149 2311 1342 2390 escendisse,
1363 2317 1415 2381 at.

350 2453 446 2515 quam
481 2430 594 2496 misere
613 2431 790 2515 decipieris.
823 2431 899 2496 Mox
921 2436 953 2496 te
977 2454 1104 2496 mensae
1132 2432 1297 2498 adhibebit
1324 2434 1396 2511 ille,

350 2556 388 2617 τοὶ
427 2553 593 2638 προτέλεια
632 2561 685 2635 τῆς
722 2553 891 2637 petitoriam·
926 2555 1112 2636 συνουσίας,
1147 2554 1232 2618 inter
1266 2575 1397 2619 coenam

348 2676 455 2737 autem
468 2672 614 2756 quamvis
634 2673 689 2737 siti
704 2655 905 2738 exanimatus*
912 2696 988 2758 prae
1001 2678 1087 2739 metu
1111 2678 1143 2738 et
1165 2675 1300 2760 pudore,
1325 2695 1396 2739 eum

349 2793 390 2856 sis
417 2792 453 2856 in
476 2796 543 2856 tam
568 2793 674 2876 ample
694 2797 726 2857 et
749 2794 842 2858 beata
862 2793 972 2872 domo,
989 2816 1090 2878 aquae
1105 2794 1254 2880 poculum
1271 2815 1397 2879 poscere

351 2933 417 2976 non
439 2911 709 2994 arrde1‚attamen
725 2934 798 2978 non
821 2913 886 2978 imo
910 2914 978 2978 loeo
1001 2914 1177 2992 aeenmbis,
1201 2913 1299 2978 immo
1322 2935 1397 2978 vero

349 3033 508 3118 praelatus
540 3055 573 3097 es
600 3032 641 3097 iis
670 3034 726 3118 qni
752 3034 821 3119 jam
849 3034 965 3110 multos
989 3055 1090 3098 annos
1113 3034 1148 3096 in
1172 3034 1279 3098 eadem
1304 3033 1397 3097 domo

349 3152 536 3218 servitutem
556 3153 755 3237 pertulerint.
782 3153 826 3217 Hi
850 3158 960 3220 autem
979 3154 1020 3218 ob
1041 3154 1074 3217 id
1098 3154 1203 3238 ipsum
1227 3153 1301 3218 irati
1313 3152 1398 3216 hisee
1503 3182 1505 3186 ¹

350 3272 455 3339 verbis
467 3273 505 3337 de
516 3277 548 3337 te
559 3274 749 3357 loquuntur:
761 3277 869 3357 μόνοις
882 3283 946 3349 τοῖς
958 3273 1091 3357 Ἕλλησι
1105 3280 1226 3349 τούτοις
1238 3273 1395 3358 οὲνέῳκται

351 3402 371 3476 ἡ
394 3394 562 3475 Ῥωμαίων
587 3393 688 3470 πόλις.
713 3395 762 3459 'ru
785 3398 893 3458 autem
920 3395 1049 3459 interim
1073 3397 1201 3459 strenue
1228 3397 1396 3477 postquam

350 3512 462 3579 vinum
493 3513 553 3579 tibi
584 3514 802 3578 ministratum
833 3518 899 3592 est,
932 3515 1056 3592 bibisti,
1087 3514 1175 3580 οἴνου
1201 3513 1313 3578 λεπτοῦ
1342 3515 1395 3575 καὶ

352 3634 473 3717 δριμέος
490 3639 522 3698 et
533 3639 666 3719 urgente
679 3633 750 3698 alvo
768 3634 850 3698 male
866 3634 972 3699 habes.
992 3633 1067 3699 Post
1091 3656 1222 3699 coenam
1236 3635 1398 3716 peractam

350 3757 457 3816 autem
487 3753 575 3817 abire
604 3753 723 3837 poteris
754 3776 817 3838 quo
849 3754 943 3832 velis,
975 3758 1011 3818 ut
1045 3755 1207 3839 crapulam
1243 3751 1398 3816 edormias

351 3875 474 3955 etpost
494 3872 701 3937 vomitionem
720 3877 908 3936 nocturnam
930 3894 1023 3936 mane
1043 3895 1110 3936 eras
1130 3876 1162 3936 te
1184 3871 1291 3935 adesse
1304 3891 1398 3954 opor·

361 4109 566 4119 .......--.——---

396 4243 418 4320 ¹)
443 4241 517 4301 lbid.
541 4241 608 4318 Gap.
636 4243 672 4297 10
697 4259 757 4320 sqq.
