3372 5180
881 559 921 624 32

376 777 515 861 phanem
554 775 589 841 in
623 776 793 841 salsissima
828 777 1007 856 comoedia,
1042 777 1145 842 latens
1180 749 1240 841 sub
1274 775 1460 842 Herculis&

343 933 345 938 ·
377 895 494 982 speeie,
526 895 602 963 καθ’
633 894 798 982 Ἡρακλέα
828 899 863 961 τὸ
886 904 987 983 σχῆμα
1010 898 1062 962 καὶ
1086 899 1121 962 τό
1145 896 1215 980 λῆμ’
1240 899 1331 983 ἔχων.
1360 896 1420 961 Est

376 1039 489 1101 operae
508 1017 645 1102 pretium
666 1038 853 1102 componere
870 1015 1106 1100 «Menippum»
1127 1039 1199 1081 eum
1218 1015 1412 1084 «Charonea

369 1135 653 1212 -Quemadmodum
669 1134 755 1198 enim
763 1130 899 1218 Cynicus
915 1133 1017 1200 λιπὼν
1033 1141 1111 1214 φάος
1126 1131 1240 1214 ἠελίοιο
1255 1133 1287 1198 in
1303 1133 1421 1200 Oreum

374 1255 554 1333 deseendit,
577 1251 705 1318 Charon
727 1252 837 1316 relioto
862 1253 992 1338 navigio
1015 1252 1051 1315 in
1070 1252 1171 1316 lucem
1193 1252 1349 1330 aseendit,
1363 1275 1418 1318 eu-

373 1371 466 1456 pidus
477 1369 667 1454 inspiciendi
678 1369 786 1453 qualia
797 1369 863 1433 sint
875 1390 956 1452 quae
964 1368 1109 1433 homines
1118 1373 1227 1454 agant.
1237 1369 1418 1455 Utrumque

373 1493 483 1553 euetor
517 1486 614 1570 fingit
647 1507 713 1550 esse
747 1485 861 1550 itinere
893 1489 1021 1569 peraeto
1051 1487 1191 1569 ejusdem
1223 1489 1415 1556 sententiae:

373 1627 499 1670 omnem
534 1605 635 1669 vitam
674 1604 850 1667 humanam
885 1624 1003 1667 vanem
1037 1624 1120 1680 esse,
1155 1603 1335 1689 frustraque
1364 1629 1417 1672 eos

372 1745 495 1808 semper
523 1711 677 1787 inservire
708 1722 820 1786 studiis
843 1726 876 1786 et
898 1721 1079 1800 laboribus,
1107 1744 1181 1788 nam
1205 1723 1304 1788 serius
1330 1725 1417 1792 ooius

371 1842 519 1906 omnibus
549 1840 645 1906 morti
677 1861 742 1904 esse
773 1840 1033 1906 occumbendum.
1064 1839 1261 1926 Quapropter
1283 1843 1415 1910 Tiresias

371 1959 411 2023 ad
434 1958 624 2043 Menippum
647 1961 702 2024 τὸν
726 1961 790 2024 τῶν
815 1958 949 2022 ἷδιωτῶν
973 1958 1044 2044 βίον
1068 1958 1221 2041 optimum
1241 1982 1306 2025 esse
1321 1983 1413 2046 prae-

371 2075 457 2142 dioat
487 2087 520 2142 et
550 2057 677 2142 Charon
709 2076 855 2141 omnibus
885 2076 920 2139 in
949 2077 1018 2141 vite
1044 2076 1137 2142 rebus
1167 2077 1314 2162 pretiosis
1336 2100 1413 2143 oon·

371 2195 518 2279 tempus,
549 2216 720 2279 eorumque
750 2215 832 2279 quae
862 2193 1006 2259 homines
1035 2195 1179 2279 gestiunt
1212 2200 1245 2260 et
1280 2196 1414 2281 eupiunt

371 2313 512 2378 vanitate
543 2316 576 2378 et
604 2312 780 2398 fragilitate
805 2315 983 2396 perspecta,
1008 2312 1143 2376 miratur
1164 2313 1202 2378 de
1225 2335 1258 2378 se
1281 2313 1412 2380 omnino

370 2431 566 2496 mentionem
588 2430 711 2494 nullam
733 2424 840 2514 injici:
864 2433 935 2516 περὶ
952 2437 1106 2514 Χάρωνος
1130 2431 1158 2496 δ’
1184 2433 1286 2507 οὐδεὶς
1303 2431 1412 2517 λόγος,

371 2547 562 2614 Aoouratius
573 2548 681 2631 paullo
701 2547 779 2611 duos
799 2547 837 2611 de
856 2546 1008 2632 Menippo
1028 2547 1170 2633 dialogos
1182 2571 1255 2614 eum
1267 2549 1413 2615 Oharone

243 2710 245 2714 ν
370 2668 628 2754 comparantibus
662 2667 820 2751 semelque
861 2671 893 2730 et
926 2666 1040 2731 iterum
1074 2668 1172 2733 alium
1207 2673 1278 2754 post
1314 2669 1413 2735 alium

368 2786 548 2871 legentibus
572 2769 721 2870 apperuit
746 2782 838 2848 nobis
862 2805 928 2848 esse
951 2784 1214 2849 communitatem
1230 2790 1263 2850 et
1278 2808 1412 2853 eonsen·
1495 2801 1499 2810 ’

369 2905 490 2971 sionem
509 2905 671 2989 quandam
693 2904 778 2968 inter
801 2924 870 2982 eos,
894 2902 1064 2988 Menippus
1087 2903 1191 2988 enim,
1218 2904 1254 2969 in
1276 2908 1412 2990 utroque

368 3021 613 3088 Neeromanteie
648 3023 681 3085 et
710 3020 950 3106 Iearomenippo
974 3042 1039 3085 una
1062 3021 1233 3106 eademque
1255 3021 1293 3088 de
1317 3043 1411 3088 eausa

369 3145 401 3207 et
447 3142 500 3206 ad
528 3141 647 3206 inferos
689 3143 722 3205 et
767 3140 807 3205 ed
852 3162 982 3226 superos
1016 3139 1078 3204 iter
1113 3140 1216 3206 faeere
1261 3141 1409 3207 decrevit.

368 3260 487 3324 Haeret
516 3260 552 3324 in
574 3259 696 3324 incerto
719 3259 758 3323 de
783 3255 843 3342 (cf.
866 3258 1039 3324 Ioaromen.
1067 3256 1102 3323 Ο.
1127 3257 1166 3337 4,
1190 3280 1262 3323 oum
1290 3257 1409 3325 Neoro·

333 3373 337 3378 ’
368 3381 470 3444 mant.
493 3375 528 3443 d.
543 3375 576 3460 3)
600 3376 731 3441 deorum
753 3379 841 3441 statu
860 3379 893 3440 et
911 3374 1093 3441 conditione
1113 3379 1209 3460 atque
1231 3375 1270 3439 de
1290 3375 1408 3442 mundo

371 3495 533 3575 universo,
555 3494 735 3580 philosophi
747 3516 819 3559 eum
831 3493 1016 3580 ignorantia
1030 3492 1167 3559 liberare
1177 3516 1243 3559 non
1255 3498 1407 3578 possunt,

367 3636 469 3698 pauea
484 3617 613 3679 tantum
629 3612 753 3692 sciunt,
776 3634 849 3678 raro
864 3611 926 3677 sibi
941 3615 1103 3691 constant,
1127 3597 1290 3696 praeterea
1306 3632 1409 3676 mores

367 3754 477 3798 eorum
507 3733 548 3797 ab
573 3731 732 3798 institutis
753 3734 786 3797 et
807 3729 950 3808 doctrina
975 3751 1072 3815 quam
1094 3728 1286 3813 profitentur
1311 3728 1407 3814 longe

368 3853 525 3938 longeque
558 3852 740 3917 abhorrent.
775 3851 875 3916 Recte
890 3915 891 3920 ,
905 3849 958 3915 via
987 3848 1089 3934 igitur
1111 3847 1282 3932 Menippus
1303 3847 1408 3912 tendit

369 3972 409 4036 ad
431 3971 563 4052 Jovem‚
584 3970 642 4056 'qui
664 3991 737 4036 eum
760 3969 800 4034 ad
822 3991 954 4064 ooeuam
977 3971 1071 4033 voeat
1089 3969 1130 4053 ¹),
1151 3965 1263 4032 deinde
1275 3986 1408 4052 surgens
1438 4033 1445 4044 ,

410 4245 433 4326 1)
456 4245 611 4304 Iearomen.
634 4243 667 4302 Ο.
691 4247 740 4304 23.
