3408 5180
873 552 1012 619 96'

373 748 442 810 erat
452 767 525 812 cum
536 743 697 829 praeclaro
709 743 765 807 illo
777 741 929 827 antiquae
945 743 1096 810 Graeciae
1108 745 1139 808 in
1143 746 1239 830 genio
1252 744 1418 810 materiem

373 887 496 950 semper
519 863 595 929 satis
618 884 772 948 superque
796 862 857 926 sibi
880 886 1007 928 sumens
1031 887 1069 928 ex
1092 865 1159 929 vita
1183 865 1328 950 publica,
1353 885 1418 928 una

373 1008 446 1051 cum
476 986 623 1050 libertate
647 983 797 1048 Graeciae
821 983 916 1069 periit
939 989 970 1048 et
994 985 1161 1050 exstincta·
1181 988 1238 1050 est.
1262 983 1417 1050 Attamen

373 1087 514 1168 rhetores
537 1125 603 1168 esse
626 1101 738 1168 Graeci
754 1102 1000 1187 haudquaquam
1024 1104 1231 1188 destiterunt,
1255 1104 1330 1169 licet
1351 1125 1418 1168 non

373 1223 528 1286 haberent
549 1220 634 1284 unde
657 1219 823 1284 materiam
846 1219 908 1284 sibi
931 1226 1109 1302 sumerent,
1130 1227 1162 1287 et
1181 1224 1278 1288 rerba
1292 1224 1416 1307 ampul-

373 1342 456 1419 lata,
480 1339 599 1424 prisca,
624 1361 712 1403 casca
729 1339 790 1403 sibi
818 1339 997 1404 adhibenda
1020 1344 1125 1405 essent
1148 1341 1264 1425 quibus
1286 1341 1417 1406 inanem

375 1460 551 1525 orationem
574 1458 736 1524 vestirent.
751 1445 774 1543 ¹)
788 1457 958 1542 Exponam
974 1458 1052 1538 tibi,
1065 1457 1224 1524 Lucienus
1235 1457 1418 1524 adulescen-

373 1580 441 1644 tulo
476 1586 530 1645 τοῦ
562 1583 735 1664 ῥητορεύειν
767 1577 881 1662 cupido
910 1577 1034 1663 inquit,
1065 1600 1128 1664 quo
1156 1579 1249 1644 modo
1272 1582 1310 1642 ut
1332 1600 1418 1643 nunc

374 1703 438 1777 est,
462 1699 523 1764 tibi
546 1699 777 1765 ascendendum
806 1697 848 1762 sit
871 1697 910 1762 ad
935 1719 1095 1762 summum
1118 1698 1154 1761 in
1173 1702 1241 1764 arte
1260 1697 1418 1763 rhetorica

373 1818 508 1902 gradum
527 1811 561 1902 2).
592 1815 684 1895 Sunt,
703 1815 820 1900 inquit,
849 1816 930 1879 duae
957 1815 1027 1880 viae
1051 1838 1133 1900 quae
1157 1816 1195 1880 ad
1219 1816 1417 1900 propositum

373 1939 405 2002 te
428 1937 554 2020 ducent,
579 1958 643 2000 una
666 1935 765 2000 ardua
792 1940 824 1998 et
851 1956 961 2018 aspera
988 1956 1069 2019 quae
1092 1950 1159 1999 non
1190 1936 1290 1999 multa
1320 1935 1419 1999 habet

373 2053 532 2119 viatorum
544 2055 679 2139 vestigia
692 2059 718 2119 εἰ
730 2055 763 2118 δέ
777 2080 850 2120 τινα
870 2059 956 2120 πάνυ
976 2052 1109 2134 παλαιά,
1130 2075 1194 2138 qua
1214 2075 1272 2139 ego
1292 2074 1417 2136 quoque

374 2177 534 2262 ingressus
557 2200 626 2242 sum
636 2205 644 2257 3
669 2178 769 2242 altera
791 2177 844 2243 via
863 2183 970 2243 autem
988 2177 1162 2262 aequabilis
1182 2182 1214 2243 et
1236 2178 1416 2242 anfractum

373 2295 494 2359 habens
513 2297 647 2364 nullum.
667 2296 811 2381 Utraque
834 2298 886 2362 via
909 2296 1007 2361 hahet
1029 2296 1090 2360 sibi
1111 2296 1241 2373 ducem,
1261 2295 1346 2360 illius
1369 2299 1417 2359 est

373 2415 424 2479 vir
441 2418 590 2481 robustus
610 2418 749 2482 masculo
765 2418 865 2495 vultu,
880 2419 936 2502 qui
947 2421 979 2481 te
991 2415 1215 2480 Demosthenis
1228 2419 1260 2480 et
1271 2413 1416 2478 Platonis

374 2539 406 2600 ct
422 2536 557 2601 aliorum
572 2539 772 2621 quorundam
783 2535 975 2602 monstrabit
993 2535 1128 2620 vestigia
1140 2535 1165 2621 3)
1186 2534 1289 2599 ettibi
1301 2534 1417 2598 multos
1437 2589 1439 2593 ,

374 2682 476 2725 annos
488 2661 627 2726 studiose
640 2666 672 2726 et
690 2667 782 2728 caute
794 2683 860 2726 esse
880 2660 1106 2726 elaborandum
1118 2659 1210 2736 dicet,
1229 2662 1266 2722 ut
1278 2678 1417 2722 summos

374 2778 445 2843 illos
464 2778 576 2844 saltem
595 2779 701 2866 aliquo
724 2781 818 2844 modo
831 2779 1024 2864 assequaris;
1044 2778 1111 2842 noli
1133 2780 1240 2840 autem
1260 2775 1307 2840 illi
1324 2774 1416 2859 quid-

268 2893 269 2896 ’
375 2920 472 2983 quam
517 2899 641 2964 credere
683 2921 759 2964 nam
799 2921 901 2965 vanus
932 2904 980 2964 est
1005 2899 1146 2983 jactator
1175 2899 1228 2962 καὶ
1264 2898 1416 2980 Κρονικὸς

417 3329 440 3414 1)
466 3338 508 3398 ef.
531 3337 680 3407 Maurus,
704 3356 731 3413 p.
756 3339 827 3395 234.
851 3334 895 3392 Ne
917 3335 976 3392 lant
998 3333 1020 3392 il
1041 3331 1239 3412 pascomphtir
1255 3352 1309 3390 aux
1322 3331 1416 3390 efforts

373 3440 409 3498 <le
441 3445 513 3498 cette
545 3440 658 3517 passion
691 3439 820 3514 toujours
841 3438 954 3496 vivente
977 3438 1027 3515 qui
1050 3437 1111 3494 leur
1133 3437 1183 3494 fait
1204 3435 1333 3495 chercher
1354 3449 1415 3514 par-

373 3547 452 3611 ient,
476 3541 585 3600 densla
607 3541 796 3618 mythologie,
820 3541 890 3598 daus
916 3536 1064 3610 l'histoire,
1088 3539 1158 3597 dans
1180 3538 1220 3596 les
1242 3539 1318 3596 lieux
1340 3559 1415 3597 com-

375 3663 457 3702 muns
479 3644 515 3702 de
536 3644 564 3702 la
585 3643 697 3702 morale
711 3662 767 3700 une
788 3639 903 3701 matihre
926 3640 942 3699 ὲ
964 3643 1012 3701 des
1032 3642 1158 3700 discours
1182 3646 1234 3700 etc.
1258 3641 1415 3718 -Longe

373 3746 454 3804 aliter
473 3747 582 3822 judicat
604 3746 690 3804 Lehrs
713 3745 747 3803 de
769 3764 826 3824 quo
848 3765 932 3824 supra
953 3766 982 3824 p.
1007 3749 1055 3804 59.

416 3841 439 3925 2)
462 3851 617 3909 Rhetorum
639 3855 808 3929 praeceptor.
831 3852 944 3927 passim.

416 3946 439 4029 ³)
462 3953 506 4011 En
529 3955 630 4012 iterum
653 3953 827 4013 luculentum
849 3955 1044 4012 testimonium
1067 3954 1142 4012 unde
1171 3954 1327 4012 Lucianum
1349 3958 1414 4010 aute
1496 4029 1498 4038 ,

375 4059 470 4116 omnia
503 4057 642 4116 rhetorem
675 4076 783 4134 semper
814 4053 899 4114 fuisse
931 4062 1022 4135 patet,
1049 4057 1152 4135 quippe
1190 4057 1240 4134 qui
1273 4075 1413 4114 summum

372 4147 475 4231 virum,
485 4180 570 4238 quem
581 4159 778 4240 philosophum
791 4160 862 4218 male
873 4159 1045 4219 intellexerit
1057 4167 1084 4219 et
1092 4161 1286 4238 perstrinxerit
1296 4159 1415 4218 rhetoris

374 4265 490 4323 nomine
512 4264 633 4322 celebret
655 4269 682 4322 et
705 4263 830 4324 extollat.
857 4341 859 4346 ,
