3372 5180
746 561 872 632 21'

247 783 398 867 populum
422 782 551 848 Damidi
572 783 730 872 Epicureo
752 786 986 851 assentientem.
1010 785 1184 872 Postquam
1204 787 1287 872 Jup-

247 901 329 984 pitcr
350 903 511 986 peroravit
532 925 658 989 qnoque
680 904 715 969 in
739 905 879 988 periculo
901 927 951 970 res
976 905 1101 970 divinae
1123 927 1286 971 versaren-

246 1021 300 1082 tur
322 1019 483 1102 exposuit,
507 1023 673 1104 tamquam
695 1021 730 1084 in
753 1022 904 1086 concione
926 1022 1024 1086 attica
1045 1030 1089 1108 τῷ
1105 1023 1285 1112 βουλομένῳ

247 1132 292 1210 οἷς
315 1138 413 1213 ἔξεστι
437 1143 500 1204 τῶν
531 1137 657 1206 τελείων
680 1144 766 1206 θεῶν
797 1162 817 1203 a
846 1138 1002 1204 Mercurio
1032 1141 1128 1206 verba
1150 1141 1287 1207 faciendi

246 1260 385 1346 potestas
415 1259 507 1323 datur
536 1263 569 1323 et
591 1259 739 1324 omnibus
768 1259 1000 1324 conticentibus
1029 1260 1160 1326 tandem
1184 1261 1288 1346 surgit

248 1373 390 1455 Mamas,
422 1376 477 1460 qui
499 1377 630 1442 deornm
659 1377 753 1462 culpa
782 1378 852 1442 fieri
885 1382 1043 1444 asseverat
1075 1379 1160 1464 qnod
1181 1380 1286 1464 philo·
1399 1459 1402 1465 Ι

247 1494 337 1578 sophi
359 1499 391 1560 et
413 1495 562 1580 Epicurei
583 1496 769 1581 praesertim
782 1495 861 1560 talia
875 1495 1004 1574 dicunt,
1027 1518 1127 1581 qnnm
1141 1497 1286 1561 omnium

245 1635 350 1678 rerum
373 1615 646 1698 perturbationem
669 1615 705 1679 in
727 1614 794 1679 vita
817 1614 987 1679 observant
1019 1614 1190 1700 videntque
1216 1638 1285 1680 ma-

245 1731 350 1796 leficos
371 1754 438 1797 non
460 1755 577 1817 poenas
599 1734 701 1810 luere,
724 1733 839 1818 probos
858 1736 965 1798 antem
988 1732 1024 1796 in
1038 1733 1177 1798 adversis
1191 1734 1286 1799 rebus

245 1849 356 1913 teneri.
383 1849 435 1914 Ad
466 1851 550 1935 qnod
578 1851 742 1936 luppiter:
781 1858 892 1918 τοῦτον
922 1851 992 1932 μέν,
1024 1845 1155 1932 dcccl,
1180 1852 1284 1938 ληρεῖν

246 1970 391 2051 ἐάσωμεν,
415 1971 463 2034 a'sl
487 1972 605 2056 τραχύν
628 1974 707 2037 ὄντα
724 1973 776 2034 καὶ
794 1975 1009 2054 ἐπιτιμητικόν
1033 1974 1066 2034 et
1080 1970 1184 2035 denuo
1207 1970 1286 2036 citet

246 2062 501 2152 Demosthenem.
526 2087 643 2154 Variae
657 2092 753 2173 atque
776 2088 967 2182 multiplices
981 2088 1158 2153 sententiae
1173 2089 1286 2154 deinde

245 2205 405 2270 dicuntur.
435 2205 606 2290 Neptunus
636 2211 669 2271 et
690 2205 842 2272 Hercules
873 2206 1002 2290 gravius
1024 2206 1060 2271 in
1081 2206 1286 2292 philosophos

246 2323 562 2390 animadvertendum
588 2347 654 2390 csse
683 2329 831 2404 censent,
865 2325 919 2390 sed
942 2328 989 2389 est
1012 2326 1285 2409 operaepretium

245 2444 340 2509 verbo
363 2466 494 2508 narrare
516 2445 555 2509 de
577 2444 679 2510 Momi
702 2447 734 2508 et
756 2444 915 2528 Apollinis
939 2443 1026 2522 rixa3
1049 2442 1176 2508 Momns
1198 2442 1284 2507 enim

247 2561 426 2648 Apollinem
459 2563 620 2646 vituperat
649 2562 835 2627 laudantem
858 2561 995 2627 dilucide
1018 2562 1157 2627 dicentes
1185 2583 1284 2646 quum

243 2681 310 2765 ipse
331 2680 364 2744 in
388 2681 523 2746 oraculis
537 2703 661 2765 semper
676 2681 872 2766 obliquaret
887 2680 1056 2764 ambiguus
1071 2679 1128 2745 sit:
1144 2680 1185 2743 ad
1200 2679 1284 2764 quod

243 2800 448 2866 refellendum
463 2798 579 2883 Apollo
594 2798 762 2864 vaticinari
772 2799 886 2883 incipit
909 2797 978 2873 Quo
989 2797 1115 2862 oraculo
1126 2797 1285 2862 Lucienus
1330 2867 1333 2873 ,

243 2919 433 3003 lepidissime
445 2919 587 3004 παρῳδεῖ
599 2917 750 3002 ambigna
766 2921 799 2981 et
815 2918 947 2981 obscura
962 2915 1160 2980 illacracula
1176 2915 1284 3000 qualia

244 3038 327 3121 apud
349 3037 565 3114 Herodotum,
597 3036 678 3100 alios
707 3035 825 3120 passim
848 3033 1046 3098 offendimus.
1062 3032 1114 3097 Ad
1134 3032 1284 3096 ultimum

243 3157 349 3218 autem
379 3155 412 3218 di
446 3153 711 3238 quemadmodum
742 3153 777 3217 in
800 3153 883 3216 bello
899 3152 1038 3234 Trojano
1061 3171 1152 3233 saepe
1178 3171 1284 3234 rerum

243 3293 324 3356 qnae
346 3273 525 3356 agebantur
547 3274 738 3355 spectatores
760 3268 1017 3346 fuemntsnunc
1036 3265 1103 3329 litis
1125 3264 1284 3329 auditores

244 3412 309 3454 csse
342 3390 543 3455 constituunt
572 3393 605 3453 et
626 3387 775 3472 Juppitcr
804 3385 950 3450 hortatur
985 3405 1037 3448 eos
1070 3381 1192 3478 precari
1225 3403 1283 3466 pro

243 3509 383 3576 limocle
405 3489 558 3574 acerrimo
581 3509 710 3573 deorum
731 3508 983 3591 propugnatore:
1013 3505 1177 3590 εὐχώμεθα
1204 3503 1282 3585 ὑπὲρ

243 3632 338 3696 αὐτοῦ

354 3756 426 3835 σιγῇ
448 3752 485 3832 ἐφ
507 3748 633 3830 ὑμείων,
652 3747 712 3812 τι’νοι
733 3750 775 3828 μὴ
799 3744 902 3827 Δᾶμίς
925 3768 959 3821 γε
983 3746 1136 3825 πύθηται.

286 3867 347 3935 Sed
368 3890 476 3952 preces
490 3866 563 3931 illac
581 3865 711 3930 daomm
728 3885 794 3927 non
814 3861 951 3965 multum
963 3859 1121 3944 optimum
1140 3857 1282 3925 Stoicum
1342 3867 1344 3873 '

242 3987 406 4072 adjuvant,
418 3984 508 4051 brevi
518 3987 590 4069 post
601 3982 687 4048 enim
695 3979 948 4066 argumentando
961 4001 980 4042 a
996 3978 1132 4043 Damida
1143 3975 1283 4076 vincitur

242 4107 275 4169 et
304 4104 373 4168 abit
410 4102 553 4168 convicia
586 4100 766 4166 foedissima
799 4098 835 4162 in
869 4097 1083 4162 adversarium
1106 4095 1228 4181 jaciens
1251 4097 1283 4159 et

245 4222 265 4288 J
265 4222 392 4305 uppitcr
402 4221 469 4304 ipse
481 4241 674 4304 quamquam
686 4217 831 4282 Damidis
844 4215 971 4281 victoris
983 4213 1180 4300 argumentis
1187 4215 1283 4298 plane
