3372 5180
774 562 815 626 25

276 786 387 866 sponte
420 781 518 846 ducor
544 780 584 845 ad
617 779 730 844 Nostri
765 779 908 844 libellum
941 779 998 844 ubi
1031 779 1118 844 aliud
1151 779 1314 844 oraculum

276 900 412 964 mendax
444 921 520 964 sane
554 902 586 963 et
607 897 727 963 nullius
750 897 904 969 momenti
926 898 980 962 scd
1002 897 1260 982 superstitionem
1281 902 1314 963 et

276 1019 505 1098 credulitatem,
518 1020 627 1104 quales
638 1023 780 1102 tempore
791 1019 926 1083 Luciani
943 1017 1111 1104 vigebant,
1129 1018 1314 1104 planissime

183 1151 186 1156 “
277 1162 412 1226 arguens
436 1139 517 1206 vivis
546 1139 703 1204 coloribus
729 1137 930 1223 depingitur:
951 1137 992 1202 ad
1011 1136 1228 1204 Alexandrum
1249 1137 1315 1203 sive

276 1256 525 1322 Pseudomentin
547 1257 583 1342 ¹).

320 1376 448 1461 Rogatu
495 1373 589 1438 amici
621 1373 784 1438 cuiusdam
812 1372 971 1438 Lucianus
1001 1372 1188 1458 conscripsit
1215 1373 1315 1439 vitam

277 1499 309 1560 et
331 1517 433 1560 mores
454 1493 723 1579 impudentissimi
744 1493 830 1557 illius
852 1493 1058 1573 fraudatoris,
1090 1516 1190 1579 aquo
1216 1514 1317 1578 paene

276 1611 460 1677 interfectus
482 1613 539 1675 est.
563 1609 644 1673 Erat
664 1607 846 1673 Alexander
866 1628 994 1692 corpore
1017 1629 1135 1695 magno
1161 1612 1193 1675 et
1216 1611 1318 1696 speeie

276 1729 409 1796 honesta
429 1732 482 1794 uui
502 1734 676 1813 θεοπρεπὴς
695 1699 897 1811 bealveer,
918 1727 1185 1807 colomannum,
1209 1733 1316 1794 mento

278 1871 342 1912 non
372 1849 468 1912 nimis
490 1847 614 1912 hirsuto
622 1821 636 1932 ’.
654 1849 796 1912 comatus
818 1849 889 1910 tum
913 1866 970 1909 sua
993 1867 1100 1925 coma,
1121 1849 1192 1910 tum
1218 1846 1317 1911 ascite
1345 1924 1347 1928 Ι

279 1969 331 2032 sed
354 1969 400 2032 ite
429 1968 590 2051 praeclare
613 1988 706 2031 verae
729 1964 903 2028 assimilata
929 1968 966 2028 ut
988 1965 1152 2049 plerosque
1179 1966 1316 2031 alienam

279 2106 343 2150 esse
384 2085 513 2163 lateret,
549 2083 647 2148 oculis
685 2103 760 2147 voce
803 2080 989 2145 suavissima
1016 2081 1146 2166 vegetis.
1179 2081 1231 2146 Ad
1259 2083 1317 2146 has

278 2204 396 2269 formae
408 2207 440 2268 et
452 2202 590 2288 eorporis
609 2202 696 2266 dotes
708 2200 899 2265 accedebant
910 2220 1028 2284 magna
1040 2199 1196 2277 sollertia,
1217 2223 1317 2286 capax

277 2317 1317 2406 memoriaasingenium‚sodhaoomnitamoorporiequamanimi

277 2440 473 2525 praestantia
487 2440 669 2525 turpissime
681 2438 880 2503 abutebatur.
896 2435 1088 2503 Adolescens
1110 2459 1142 2502 re
1157 2437 1319 2503 dediderat

277 2557 513 2642 praestigiatori
531 2559 656 2623 cuidam
672 2564 736 2626 τῶν
755 2560 887 2642 μαγείας
910 2561 963 2623 καὶ
988 2560 1111 2645 ἐπῳδὰς
1136 2560 1317 2633 θεσπεσίους

278 2676 531 2762 ὑπισχνουμένων
563 2676 618 2760 qui
648 2677 868 2760 coadjutore,
892 2677 1011 2742 famulo
1034 2683 1066 2742 et
1088 2676 1318 2763 abjectissimae

273 2793 420 2857 libidinis
442 2793 588 2857 ministro
622 2792 671 2856 uti
706 2792 836 2856 solebat.
866 2791 1020 2877 Magister
1049 2793 1102 2858 ille
1132 2799 1164 2859 et
1194 2801 1318 2861 amator

280 2910 453 2976 Alexandri
475 2915 544 2975 erat
566 2934 605 2976 ex
626 2910 837 2975 familiaribus
859 2910 1024 2994 Apollonii
1047 2913 1170 2998 Tyanei
1180 2920 1246 2983 τῶν
1258 2921 1315 2998 τὴν
1333 2903 1336 2908 ’

280 3038 384 3097 πᾶσαν
396 3033 492 3096 αὐτοῦ
504 3030 684 3116 τραγῳδίαν
698 3030 835 3096 εἰδότων.
849 3029 953 3114 Ὁρᾷς,
961 3029 1120 3095 Lucienus
1129 3035 1319 3100 mordaciter

280 3149 377 3231 addit,
394 3152 427 3227 ἐξ
449 3153 517 3226 οἵας
540 3175 586 3216 σοι
611 3152 771 3238 διατριβῆς
793 3155 964 3236 ἄνθρωπον
988 3150 1078 3230 λέγω.
1110 3152 1237 3237 Magioo
1262 3155 1318 3219 illo

280 3276 420 3336 amatore
446 3275 571 3336 mortuo
598 3271 777 3336 Alexander
799 3270 932 3334 offendit
955 3270 1087 3334 fortuito
1106 3269 1317 3356 Byzantinum

281 3390 439 3475 quendam
463 3389 629 3484 annalium
653 3389 838 3473 scriptorem
860 3388 1004 3474 nequitia
1018 3388 1268 3478 ¹haudquaquam
1286 3412 1318 3454 se

280 3509 461 3574 inferiorem
485 3531 619 3600 cumque
645 3530 682 3573 eo
712 3506 896 3573 societatem
921 3507 1004 3572 iniit.
1043 3506 1150 3572 Ambo
1180 3507 1319 3593 improbi

280 3616 328 3692 illi
340 3628 540 3693 circulatores
550 3627 585 3690 in
596 3625 752 3710 Bithynia
762 3625 1319 3708 perveneruntinintimamfamilia-

279 3746 408 3812 ritatem
431 3745 572 3810 mulieris
601 3744 763 3809 cuiusdam
786 3728 829 3808 ex
855 3742 1041 3810 Macedonia
1068 3766 1150 3829 quae
1172 3745 1318 3811 amabilis

281 3866 456 3931 etiamnum
483 3887 548 3930 esse
575 3864 684 3944 vellet,
707 3868 739 3930 et
761 3886 898 3950 quacum
921 3863 1042 3929 Pedem
1064 3863 1319 3930 venientesforte

323 4129 347 4206 ¹)
370 4131 412 4190 Οἱ.
424 4104 612 4192 Hnamnnross
629 4130 794 4190 Gcschiehte
815 4126 1035 4187 Grieohenlands
1060 4131 1143 4186 unter
1163 4126 1213 4185 dar
1233 4126 1319 4185 Herr-

283 4235 370 4294 schaft
391 4234 440 4293 der
461 4235 581 4314 Romer,
606 4235 645 4295 11.
670 4238 748 4306 498,
774 4237 844 4293 599.
