3408 5180
829 566 872 632 94

330 820 362 880 et
387 815 468 880 hirii
491 816 657 902 magisque
680 816 776 882 etiam
800 816 966 881 Juvenalis
989 816 1186 900 temporibus
1209 839 1274 882 esse
1299 841 1371 902 per-

329 959 447 1020 paucos
481 935 618 1001 Graecae
640 936 746 1021 gentis
768 942 873 1001 vetere
897 934 1029 1001 Graecia
1053 935 1184 1020 dignos,
1209 937 1372 1022 multoque

328 1055 480 1138 majorem
503 1058 626 1139 partem
650 1076 716 1119 esse
738 1056 855 1133 levem,
880 1055 919 1118 ad
947 1055 1091 1139 quamvis
1114 1055 1239 1119 foedam
1263 1078 1370 1120 assen-

241 1187 243 1190 ·
327 1175 481 1239 tationem
509 1179 673 1260 paratam,
697 1175 893 1261 temporibus
916 1176 1027 1240 callide
1050 1175 1250 1240 servientem.
1276 1176 1299 1260 ¹)

371 1293 538 1358 Transitus
563 1317 581 1358 a
604 1294 804 1380 philosophia
828 1295 867 1359 ad
890 1295 1095 1360 Rhetoricanr
1120 1299 1221 1360 aetate
1236 1295 1370 1360 Luciani

327 1414 513 1498 praesertim
528 1415 697 1480 facillimus
717 1420 773 1481 est.
792 1415 994 1499 Philosophia
1006 1417 1109 1492 enim,
1123 1439 1216 1501 quam
1229 1438 1370 1500 praeser-

325 1535 384 1598 tim
420 1534 540 1598 circum
571 1534 704 1598 moralia
734 1539 902 1619 praecepta
934 1539 1111 1600 versantem
1143 1536 1298 1614 vidimus,
1329 1537 1369 1600 ad

325 1671 362 1714 ea
404 1651 560 1715 tradenda
594 1651 751 1716 rhetorica
782 1657 849 1716 arte
881 1675 1080 1737 nequaquam
1111 1676 1215 1719 carere
1245 1655 1368 1739 potuit;

324 1791 405 1853 quae
429 1791 480 1833 ars
505 1775 612 1854 autem
632 1770 817 1835 administra
841 1771 961 1855 primo,
983 1777 1093 1856 postea
1109 1773 1170 1837 sibi
1185 1773 1371 1838 vindicabat

325 1887 448 1967 omnia,
482 1887 577 1973 idque
612 1893 738 1954 tantum
774 1891 929 1974 agebatur
960 1895 996 1955 ut
1016 1892 1154 1975 ‚pulchre
1185 1898 1217 1956 et
1239 1898 1368 1971 ornate,

258 2067 261 2073 .
325 2029 567 2092 nonnumquam
592 2009 688 2074 etiam
712 2002 834 2075 tumide
861 1987 957 2095 atque
979 2011 1083 2076 fucate
1095 1997 1274 2096 philosophi
1288 2033 1369 2096 quae

323 2127 479 2192 sentirent
523 2127 763 2212 eloquerentur,
805 2121 973 2213 diligenter
1013 2130 1211 2194 elaborantes
1253 2136 1290 2194 ut
1332 2152 1369 2194 ea

323 2269 404 2332 quae
427 2247 602 2311 sexcenties
625 2248 666 2311 ab
695 2247 765 2311 aliis
784 2248 869 2312 dicta
892 2253 996 2312 essent
1009 2249 1184 2314 elocutione
1196 2254 1227 2314 et
1242 2250 1368 2314 dicendi

322 2389 438 2452 genere
458 2389 516 2450 pro
535 2367 627 2431 nouis
650 2371 681 2431 et
695 2367 848 2432 inauditis
860 2367 1057 2432 auditoribus
1077 2369 1325 2433 venditarentur.
1342 2369 1367 2454 ⁹)

250 2554 252 2558 ,
319 2485 392 2561 ,Quo
404 2487 578 2551 necessario
591 2487 687 2551 fiebat
699 2491 735 2550 ut
747 2488 905 2552 auditores
915 2488 976 2571 ipsi
986 2511 1051 2553 non
1059 2492 1126 2553 tam
1136 2488 1211 2573 quid
1221 2489 1368 2553 audirent
1473 2545 1476 2551 .

323 2628 419 2691 quam
452 2628 515 2690 quo
547 2606 640 2670 modo
669 2606 702 2669 id
730 2606 876 2671 audirent
906 2607 1074 2672 nescirent.
1111 2607 1245 2673 Minime
1267 2608 1367 2693 igitur

323 2729 440 2792 mirum
474 2729 598 2793 videtur
634 2729 718 2814 quod
753 2751 875 2812 semper
909 2731 992 2813 apud
1027 2732 1173 2816 aequales
1201 2732 1368 2818 scriptores

322 2849 520 2913 mentionem
530 2849 644 2913 factam
658 2849 801 2914 videmus
813 2849 852 2913 de
863 2849 1027 2914 rhetorum
1040 2851 1153 2915 studiis
1166 2855 1197 2914 et
1213 2853 1365 2916 exercita-

322 2968 480 3046 tionibus,
505 2968 619 3053 quibus
631 2991 649 3032 a
663 2968 780 3033 teneris
792 2969 972 3054 unguiculis
984 2970 1074 3054 pueri
1089 2970 1207 3034 erudiri
1222 2971 1367 3036 solebant

323 3109 386 3171 quo
417 3087 572 3152 educandi
602 3109 718 3172 genere
748 3087 940 3152 efficiebatur
971 3091 1007 3151 ut
1043 3089 1078 3153 in
1115 3089 1313 3173 «quadriviis
1335 3093 1367 3155 et

323 3205 524 3290 angiportis»
550 3206 648 3270 etiam
667 3199 807 3272 rhetores
823 3206 1038 3272 declamarent
1049 3211 1081 3271 et
1092 3209 1367 3291 praetereuntibus

323 3326 430 3409 paullo
458 3325 705 3410 elegantioribus
736 3326 922 3391 exhiberent
951 3327 1120 3391 molestias.
1154 3326 1243 3402 Quod
1266 3349 1366 3412 genus

323 3444 490 3528 hominum
522 3449 560 3509 ut
590 3445 702 3509 melius
729 3467 973 3530 cognoscamus,
997 3445 1174 3510 Lucianum
1197 3467 1366 3531 sequamur

322 3565 444 3643 ducem,
466 3565 514 3629 ita
536 3587 609 3630 vero
632 3568 670 3629 ut
691 3565 744 3629 hic
768 3585 893 3650 quoque
916 3565 1051 3629 aliorum
1074 3565 1263 3649 scriptorum
1274 3567 1365 3630 testi-

324 3685 431 3750 monia
466 3707 539 3750 cum
572 3685 651 3754 eius.
667 3684 873 3750 conferamus.
899 3683 1039 3749 Omnino
1062 3683 1130 3751 sine
1154 3683 1366 3750 controversia

324 3909 529 3922 .-——-——

366 4050 389 4125 ¹)
414 4054 455 4112 of.
479 4051 536 4110 Cic.
561 4052 606 4110 ad.
632 4051 731 4129 Quint.
755 4052 844 4111 Fratr.
871 4053 903 4122 1,
932 4055 965 4121 l,
992 4055 1024 4122 ὅ,
1051 4054 1105 4121 16,
1131 4054 1164 4120 6,
1191 4051 1239 4110 18.
1259 4081 1298 4092 -
1322 4049 1364 4108 Of.

324 4157 458 4216 Maurus
479 4155 533 4214 Les
557 4155 713 4214 moralistes
736 4175 802 4214 sous
823 4151 950 4232 l’empire
972 4153 1094 4211 Romaiu
1116 4173 1144 4230 p.
1169 4155 1228 4210 302
1252 4171 1312 4229 sqq.

289 4308 291 4313 .
368 4260 391 4340 ²)
414 4261 455 4320 of.
479 4260 637 4332 Borssrsa,
664 4259 704 4318 La
727 4258 859 4335 Religion
880 4257 1019 4316 Romaine
1041 4257 1088 4330 ΙΙΙ,
1111 4277 1138 4335 p.
1165 4259 1234 4315 112.
