3408 5180
798 549 836 614 71

299 771 444 835 acerbum
472 771 617 835 aculeum
651 771 687 834 in
726 771 834 835 animo
866 769 1018 835 auditoris
1054 771 1182 855 eiusque
1212 769 1341 854 sceptici

298 888 461 974 reliquisse
473 894 631 973 putemus,
648 893 683 953 ut
696 891 876 955 nouaclum
890 889 943 954 ille
955 890 1023 974 ipso
1036 891 1198 955 sedetiam
1211 889 1342 965 amicus,

298 1008 352 1094 qui
386 1013 495 1094 postea
525 1032 564 1074 ex
598 1009 739 1074 Luciano
762 1010 894 1096 Nigrini
929 1011 1148 1075 narrationem
1172 1009 1340 1088 audiverit,

298 1128 407 1193 statim
442 1114 551 1210 eodem
595 1129 701 1195 furore
744 1135 776 1195 et
820 1130 921 1194 animi
957 1131 1094 1195 elatione
1140 1130 1339 1214 corripiatur.

297 1247 357 1312 Est
378 1247 452 1326 hoc,
477 1251 513 1311 ut
540 1270 598 1313 nos
626 1270 769 1333 quoque,
785 1253 823 1313 ut
845 1249 881 1312 in
900 1231 1040 1334 Nigrino
1056 1250 1152 1314 semel
1170 1253 1202 1314 et
1222 1249 1340 1314 iterum

298 1365 350 1444 fit,
374 1366 584 1431 translatione
607 1389 626 1430 a
649 1389 742 1432 scena
765 1367 932 1451 desumpta
952 1371 1099 1446 utamur,
1124 1373 1172 1433 est
1193 1368 1263 1452 hoc,
1289 1369 1340 1433 in-

299 1507 409 1570 quam,
436 1485 642 1569 pessimorum
666 1486 878 1564 histrionum,
903 1507 969 1551 non
993 1509 1071 1550 sana
1087 1490 1194 1551 mente
1216 1486 1341 1571 praedi·
1430 1567 1432 1570 Ι

297 1607 402 1669 torum
414 1603 581 1668 hominum
593 1605 628 1668 in
641 1627 699 1669 usu
712 1609 807 1689 atque
818 1605 1046 1670 consuetudine
1058 1606 1142 1672 vitae
1150 1605 1340 1670 communis.

299 1723 408 1808 Adjice
429 1724 491 1789 huc
503 1725 570 1808 jam
587 1725 711 1809 saepius
723 1725 973 1789 animadversam
987 1729 1019 1790 et
1034 1728 1180 1790 notatam
1195 1725 1342 1789 inflatam

297 1844 453 1909 scribendi
484 1844 641 1908 rationem
676 1866 739 1930 qua
770 1848 881 1908 auctor
903 1844 938 1940 in
970 1866 1006 1909 eo
1041 1844 1147 1909 libello
1177 1867 1253 1908 usus
1276 1848 1340 1922 est,

297 1988 360 2051 quo
382 1966 415 2030 in
441 1987 556 2052 genere
568 1969 650 2031 certe
666 1971 714 2031 est
728 1965 824 2029 illud:
850 1970 885 2031 τὸ
902 1970 1057 2042 πάθοςτὸ
1074 1970 1107 2033 ἐν
1126 1971 1169 2052 τῷ
1186 1964 1341 2050 ὀφθαλμῷ

297 2108 354 2170 pro
384 2086 549 2169 ὀφθαλμία
574 2084 622 2170 (C.
645 2087 677 2171 2)
702 2089 734 2149 et
760 2086 845 2170 quod
872 2086 949 2149 alibi
978 2085 1096 2170 legitur
1122 2089 1151 2150 οἱ
1174 2086 1341 2168 Ῥωμαίων

297 2206 424 2280 natham
463 2227 544 2290 quae
578 2205 767 2269 calamistris
804 2205 912 2268 inusta
958 2204 1061 2268 oratio
1107 2226 1341 2288 nonnunquam

297 2351 423 2392 sensum
443 2327 612 2392 verborum
623 2327 718 2412 plane
734 2327 898 2403 obscurat,
919 2325 1187 2410 quemadmodum
1199 2325 1235 2388 in
1246 2345 1340 2408 para-

296 2449 419 2533 grapho
435 2447 556 2511 decima
572 2450 685 2511 octava
703 2445 758 2510 ubi
773 2444 930 2530 Nigrinus
942 2445 1019 2510 dicit
1039 2468 1070 2510 se
1083 2447 1163 2531 αὐτῇ
1174 2445 1341 2528 φιλοσοφίᾳ

295 2569 347 2631 καὶ
372 2565 521 2631 Πλάτωνι
539 2568 591 2628 καὶ
608 2563 747 2648 ἀληθείᾳ
767 2564 967 2650 προσλαλεῖν.
981 2562 1046 2630 Fac
1061 2565 1147 2629 enim
1167 2563 1341 2650 Nigrinum

294 2686 396 2752 dicere
414 2685 551 2750 voluisse
574 2706 607 2749 se
637 2684 777 2770 qnotidie
797 2684 927 2749 uersari
948 2687 980 2749 et
1010 2687 1080 2748 arta
1114 2683 1341 2748 consuetudine

291 2808 439 2890 junctum
463 2828 529 2870 esse
552 2826 624 2869 cum
641 2804 857 2890 philosophia,
888 2803 1020 2870 Platone
1036 2808 1068 2869 et
1083 2804 1233 2881 veritate,
1257 2807 1340 2867 certe

294 2925 427 2990 verbnm
450 2924 636 3010 προσλαλεῖν
658 2927 765 3008 aperte
784 2927 932 3017 argueret
956 2923 1095 3008 aliquem
1119 2922 1175 3007 qui
1197 2922 1279 3007 ipsc,
1303 2926 1340 2985 ut

295 3048 342 3109 est
365 3044 449 3128 apud
471 3045 620 3109 festivum
632 3045 801 3122 comicum,
826 3044 869 3108 sit
884 3043 992 3110 λαλεῖο
1015 3049 1150 3128 ἄριστος,
1175 3043 1340 3112 ἀδυνατώ-

295 3189 388 3238 τατος
411 3163 526 3242 λέγειν.
542 3163 624 3239 Quid
641 3163 769 3226 multat.
788 3166 891 3227 totam
907 3163 996 3227 illam
1007 3163 1201 3227 locutionem
1221 3166 1253 3226 et
1268 3184 1339 3227 ver·

294 3286 408 3350 borum
446 3285 589 3350 ordinem
621 3307 686 3349 esse
715 3283 840 3348 fatuum
871 3289 903 3348 et
934 3283 1067 3348 minime
1096 3283 1338 3348 convenientem

296 3427 367 3469 cum
377 3427 413 3468 co
429 3404 484 3489 qui
501 3427 532 3469 se
548 3403 819 3489 vaniloquentiam
838 3407 869 3467 et
886 3402 1004 3468 fastum
1020 3403 1190 3467 verborum
1206 3402 1340 3487 pessime

296 3524 397 3590 odisse
425 3524 546 3607 saepius
571 3525 680 3608 jactet.
706 3522 810 3598 Quare
833 3527 889 3587 aut
912 3522 1121 3606 indignemur
1144 3543 1269 3586 necesso
1292 3527 1340 3586 est

295 3643 370 3727 quia
379 3642 482 3706 bonus
491 3641 677 3706 dormitavit
685 3641 854 3720 Homerus,
865 3646 921 3706 aut
930 3640 1104 3726 Nigrinum
1114 3641 1154 3704 ab
1163 3639 1268 3704 nescio
1277 3661 1339 3724 quo

296 3763 464 3827 verborum
481 3764 675 3825 ostentatore
691 3761 905 3846 conscriptum
918 3783 984 3826 csse
997 3765 1191 3838 statuamus,
1205 3760 1340 3843 quicum

295 3880 435 3946 Romani
447 3901 570 3964 semper
580 3880 645 3944 tela
653 3881 757 3964 jacere
769 3881 907 3945 solerent
917 3881 952 3944 in
961 3880 1130 3945 Graeculos
1143 3883 1174 3943 et
1186 3878 1339 3944 Graecam

295 4001 406 4065 urbem
441 4021 538 4083 quam
561 3999 642 4064 ferre
675 4021 742 4064 non
762 4004 891 4084 possent
913 4001 949 4085 ¹),
987 4022 1116 4065 causam
1139 3999 1338 4084 popularium

339 4242 362 4318 1)
384 4244 449 4301 Juv.
472 4242 517 4300 111
526 4229 542 4312 ,’
560 4245 609 4300 oo.
