<?xml version="1.0" encoding="UTF-8"?>
<!DOCTYPE html PUBLIC "-//W3C//DTD XHTML 1.0 Transitional//EN"
    "http://www.w3.org/TR/xhtml1/DTD/xhtml1-transitional.dtd">
<html xmlns="http://www.w3.org/1999/xhtml" xml:lang="en" lang="en">
 <head>
  <title>
</title>
<meta http-equiv="Content-Type" content="text/html;charset=utf-8" />
  <meta name='ocr-system' content='tesseract 3.04.00' />
  <meta name='ocr-capabilities' content='ocr_page ocr_carea ocr_par ocr_line ocrx_word'/>
</head>
<body>
  <div class='ocr_page' id='page_1' title='image "./delucianoaequal00marggoog/delucianoaequal00marggoog_0025.png"; bbox 0 0 3372 5180; ppageno 0'>
   <div class='ocr_carea' id='block_1_1' title="bbox 887 575 907 639">
    <p class='ocr_par' dir='ltr' id='par_1_1' title="bbox 887 575 907 639">
     <span class='ocr_line' id='line_1_1' title="bbox 887 575 907 639; baseline 0 0"><span class='ocrx_word' id='word_1_1' title='bbox 887 575 907 639; x_wconf 87' lang='lat'>8</span> 
     </span>
    </p>
   </div>
   <div class='ocr_carea' id='block_1_2' title="bbox 377 792 1423 2440">
    <p class='ocr_par' dir='ltr' id='par_1_2' title="bbox 377 792 1423 2440">
     <span class='ocr_line' id='line_1_2' title="bbox 378 792 1419 879; baseline 0 -21"><span class='ocrx_word' id='word_1_2' title='bbox 378 792 440 858; x_wconf 88' lang='lat' dir='ltr'><strong>sibi</strong></span> <span class='ocrx_word' id='word_1_3' title='bbox 473 792 601 858; x_wconf 86' lang='lat' dir='ltr'><strong>videtur</strong></span> <span class='ocrx_word' id='word_1_4' title='bbox 633 797 675 868; x_wconf 80' lang='grc' dir='ltr'><strong>ὡς</strong></span> <span class='ocrx_word' id='word_1_5' title='bbox 705 795 783 867; x_wconf 68' lang='grc' dir='ltr'><strong>Ζεύς</strong></span> <span class='ocrx_word' id='word_1_6' title='bbox 813 793 946 876; x_wconf 72' lang='lat' dir='ltr'><strong>r&#39;jyuyet&#39;</strong></span> <span class='ocrx_word' id='word_1_7' title='bbox 975 792 1083 879; x_wconf 82' lang='grc' dir='ltr'><strong>Ἥρην</strong></span> <span class='ocrx_word' id='word_1_8' title='bbox 1118 814 1191 858; x_wconf 86' lang='lat' dir='ltr'><strong>eum</strong></span> <span class='ocrx_word' id='word_1_9' title='bbox 1227 794 1419 860; x_wconf 73' lang='lat' dir='ltr'><strong>causidicum</strong></span> 
     </span>
     <span class='ocr_line' id='line_1_3' title="bbox 379 911 1419 1000; baseline 0.001 -21"><span class='ocrx_word' id='word_1_10' title='bbox 379 913 569 980; x_wconf 87' lang='lat' dir='ltr'><strong>Antiochiae</strong></span> <span class='ocrx_word' id='word_1_11' title='bbox 590 913 686 978; x_wconf 85' lang='lat' dir='ltr'><strong>fuisse</strong></span> <span class='ocrx_word' id='word_1_12' title='bbox 709 912 816 977; x_wconf 89' lang='lat' dir='ltr'><strong>tradit.</strong></span> <span class='ocrx_word' id='word_1_13' title='bbox 841 911 926 977; x_wconf 83' lang='lat' dir='ltr'>Fieri</span> <span class='ocrx_word' id='word_1_14' title='bbox 947 917 1052 998; x_wconf 87' lang='lat' dir='ltr'><strong>potest</strong></span> <span class='ocrx_word' id='word_1_15' title='bbox 1074 914 1127 978; x_wconf 87' lang='lat' dir='ltr'><strong>sed</strong></span> <span class='ocrx_word' id='word_1_16' title='bbox 1149 914 1217 1000; x_wconf 89' lang='lat' dir='ltr'><strong>ipse</strong></span> <span class='ocrx_word' id='word_1_17' title='bbox 1232 915 1314 979; x_wconf 92' lang='lat' dir='ltr'><strong>nihil</strong></span> <span class='ocrx_word' id='word_1_18' title='bbox 1329 916 1368 980; x_wconf 94' lang='lat' dir='ltr'><strong>de</strong></span> <span class='ocrx_word' id='word_1_19' title='bbox 1381 937 1419 980; x_wconf 87' lang='lat' dir='ltr'><strong>ea</strong></span> 
     </span>
     <span class='ocr_line' id='line_1_4' title="bbox 378 1031 1419 1120; baseline 0.003 -24"><span class='ocrx_word' id='word_1_20' title='bbox 378 1054 413 1096; x_wconf 90' lang='lat' dir='ltr'><strong>re</strong></span> <span class='ocrx_word' id='word_1_21' title='bbox 444 1032 536 1096; x_wconf 90' lang='lat' dir='ltr'><strong>nobis</strong></span> <span class='ocrx_word' id='word_1_22' title='bbox 565 1032 714 1097; x_wconf 85' lang='lat' dir='ltr'><strong>narravit</strong></span> <span class='ocrx_word' id='word_1_23' title='bbox 735 1054 880 1116; x_wconf 82' lang='lat' dir='ltr'><strong>usquam.</strong></span> <span class='ocrx_word' id='word_1_24' title='bbox 911 1031 962 1094; x_wconf 84' lang='lat' dir='ltr'><strong>Ex</strong></span> <span class='ocrx_word' id='word_1_25' title='bbox 983 1031 1173 1098; x_wconf 71' lang='lat' dir='ltr'>Rhetoricae</span> <span class='ocrx_word' id='word_1_26' title='bbox 1195 1035 1301 1099; x_wconf 81' lang='lat' dir='ltr'><strong>verbis</strong></span> <span class='ocrx_word' id='word_1_27' title='bbox 1324 1057 1419 1120; x_wconf 88' lang='lat' dir='ltr'><strong>supra</strong></span> 
     </span>
     <span class='ocr_line' id='line_1_5' title="bbox 377 1151 1419 1241; baseline 0.003 -25"><span class='ocrx_word' id='word_1_28' title='bbox 377 1153 514 1216; x_wconf 88' lang='lat' dir='ltr'><strong>laudatis</strong></span> <span class='ocrx_word' id='word_1_29' title='bbox 536 1152 749 1237; x_wconf 87' lang='lat' dir='ltr'><strong>colligendum</strong></span> <span class='ocrx_word' id='word_1_30' title='bbox 769 1155 817 1216; x_wconf 89' lang='lat' dir='ltr'><strong>est</strong></span> <span class='ocrx_word' id='word_1_31' title='bbox 831 1151 937 1234; x_wconf 88' lang='lat' dir='ltr'><strong>potius</strong></span> <span class='ocrx_word' id='word_1_32' title='bbox 952 1173 1024 1216; x_wconf 91' lang='lat' dir='ltr'><strong>eum</strong></span> <span class='ocrx_word' id='word_1_33' title='bbox 1041 1155 1153 1240; x_wconf 80' lang='grc' dir='ltr'><strong><em>κομιδῇ</em></strong></span> <span class='ocrx_word' id='word_1_34' title='bbox 1167 1163 1325 1241; x_wconf 72' lang='grc' dir='ltr'><strong><em>μειράκιον</em></strong></span> <span class='ocrx_word' id='word_1_35' title='bbox 1341 1159 1419 1222; x_wconf 77' lang='grc' dir='ltr'><strong><em>ὄντα</em></strong></span> 
     </span>
     <span class='ocr_line' id='line_1_6' title="bbox 378 1274 1420 1360; baseline -0.001 -19"><span class='ocrx_word' id='word_1_36' title='bbox 378 1299 435 1360; x_wconf 90' lang='lat' dir='ltr'><strong>per</strong></span> <span class='ocrx_word' id='word_1_37' title='bbox 457 1276 588 1342; x_wconf 86' lang='lat' dir='ltr'><strong>Joniam</strong></span> <span class='ocrx_word' id='word_1_38' title='bbox 612 1276 814 1340; x_wconf 87' lang='lat' dir='ltr'><strong>oberrantem</strong></span> <span class='ocrx_word' id='word_1_39' title='bbox 837 1274 958 1358; x_wconf 80' lang='lat' dir='ltr'>Ephesi</span> <span class='ocrx_word' id='word_1_40' title='bbox 981 1279 1037 1338; x_wconf 88' lang='lat' dir='ltr'><strong>aut</strong></span> <span class='ocrx_word' id='word_1_41' title='bbox 1059 1275 1214 1359; x_wconf 79' lang='lat' dir='ltr'><strong>Smyrnae</strong></span> <span class='ocrx_word' id='word_1_42' title='bbox 1230 1297 1293 1360; x_wconf 89' lang='lat' dir='ltr'><strong>quo</strong></span> <span class='ocrx_word' id='word_1_43' title='bbox 1310 1299 1420 1341; x_wconf 87' lang='lat' dir='ltr'><strong>ornnes</strong></span> 
     </span>
     <span class='ocr_line' id='line_1_7' title="bbox 379 1394 1420 1481; baseline 0.001 -22"><span class='ocrx_word' id='word_1_44' title='bbox 379 1396 435 1481; x_wconf 90' lang='lat' dir='ltr'><strong>qni</strong></span> <span class='ocrx_word' id='word_1_45' title='bbox 457 1394 574 1460; x_wconf 89' lang='lat' dir='ltr'><strong>litteris</strong></span> <span class='ocrx_word' id='word_1_46' title='bbox 597 1416 726 1479; x_wconf 89' lang='lat' dir='ltr'><strong>operam</strong></span> <span class='ocrx_word' id='word_1_47' title='bbox 750 1395 880 1472; x_wconf 85' lang='lat' dir='ltr'><strong>darent,</strong></span> <span class='ocrx_word' id='word_1_48' title='bbox 904 1415 940 1458; x_wconf 90' lang='lat' dir='ltr'><strong>ea</strong></span> <span class='ocrx_word' id='word_1_49' title='bbox 963 1398 1067 1459; x_wconf 88' lang='lat' dir='ltr'><strong>aetate</strong></span> <span class='ocrx_word' id='word_1_50' title='bbox 1089 1394 1285 1460; x_wconf 88' lang='lat' dir='ltr'><strong>confluerent</strong></span> <span class='ocrx_word' id='word_1_51' title='bbox 1308 1395 1420 1460; x_wconf 88' lang='lat' dir='ltr'><strong>studiis</strong></span> 
     </span>
     <span class='ocr_line' id='line_1_8' title="bbox 380 1513 1421 1599; baseline 0.002 -22"><span class='ocrx_word' id='word_1_52' title='bbox 380 1514 568 1580; x_wconf 87' lang='lat' dir='ltr'><strong>inserviisse.</strong></span> <span class='ocrx_word' id='word_1_53' title='bbox 604 1513 666 1580; x_wconf 75' lang='lat' dir='ltr'><strong>sed</strong></span> <span class='ocrx_word' id='word_1_54' title='bbox 702 1514 875 1578; x_wconf 84' lang='lat' dir='ltr'><strong>Rhetorica</strong></span> <span class='ocrx_word' id='word_1_55' title='bbox 904 1513 1147 1599; x_wconf 80' lang='lat' dir='ltr'><strong>indignabunda</strong></span> <span class='ocrx_word' id='word_1_56' title='bbox 1177 1514 1294 1578; x_wconf 88' lang='lat' dir='ltr'><strong>iterum</strong></span> <span class='ocrx_word' id='word_1_57' title='bbox 1328 1515 1421 1580; x_wconf 89' lang='lat' dir='ltr'><strong>nobis</strong></span> 
     </span>
     <span class='ocr_line' id='line_1_9' title="bbox 379 1633 1420 1719; baseline 0 -20"><span class='ocrx_word' id='word_1_58' title='bbox 379 1635 470 1700; x_wconf 86' lang='lat' dir='ltr'><strong>testis</strong></span> <span class='ocrx_word' id='word_1_59' title='bbox 498 1635 625 1700; x_wconf 90' lang='lat' dir='ltr'><strong>citanda</strong></span> <span class='ocrx_word' id='word_1_60' title='bbox 657 1637 704 1718; x_wconf 90' lang='lat' dir='ltr'><strong>est</strong></span> <span class='ocrx_word' id='word_1_61' title='bbox 735 1634 774 1699; x_wconf 88' lang='lat' dir='ltr'><strong>de</strong></span> <span class='ocrx_word' id='word_1_62' title='bbox 804 1634 870 1698; x_wconf 87' lang='lat' dir='ltr'><strong>vita</strong></span> <span class='ocrx_word' id='word_1_63' title='bbox 893 1633 1043 1698; x_wconf 86' lang='lat' dir='ltr'><strong>Luciani:</strong></span> <span class='ocrx_word' id='word_1_64' title='bbox 1068 1634 1181 1699; x_wconf 88' lang='lat' dir='ltr'><strong>Visum</strong></span> <span class='ocrx_word' id='word_1_65' title='bbox 1205 1639 1268 1714; x_wconf 86' lang='lat' dir='ltr'><strong>est,</strong></span> <span class='ocrx_word' id='word_1_66' title='bbox 1296 1635 1420 1719; x_wconf 87' lang='lat' dir='ltr'><strong>inquit,</strong></span> 
     </span>
     <span class='ocr_line' id='line_1_10' title="bbox 380 1753 1422 1839; baseline 0.003 -22"><span class='ocrx_word' id='word_1_67' title='bbox 380 1754 428 1817; x_wconf 93' lang='lat' dir='ltr'><strong>illi</strong></span> <span class='ocrx_word' id='word_1_68' title='bbox 448 1754 613 1818; x_wconf 89' lang='lat' dir='ltr'><strong>circumire</strong></span> <span class='ocrx_word' id='word_1_69' title='bbox 633 1754 673 1818; x_wconf 93' lang='lat' dir='ltr'><strong>ad</strong></span> <span class='ocrx_word' id='word_1_70' title='bbox 685 1753 800 1818; x_wconf 82' lang='lat' dir='ltr'><strong>divites</strong></span> <span class='ocrx_word' id='word_1_71' title='bbox 815 1754 944 1837; x_wconf 77' lang='lat' dir='ltr'><strong>nuptias</strong></span> <span class='ocrx_word' id='word_1_72' title='bbox 962 1754 1168 1819; x_wconf 89' lang='lat' dir='ltr'><strong>ostentandas</strong></span> <span class='ocrx_word' id='word_1_73' title='bbox 1189 1755 1422 1839; x_wconf 72' lang='grc' dir='ltr'>(ἐπιδειξομένῳ</span> 
     </span>
     <span class='ocr_line' id='line_1_11' title="bbox 381 1875 1421 1960; baseline -0.003 -20"><span class='ocrx_word' id='word_1_74' title='bbox 381 1885 434 1941; x_wconf 79' lang='grc' dir='ltr'><strong>τοῦ</strong></span> <span class='ocrx_word' id='word_1_75' title='bbox 465 1884 566 1959; x_wconf 74' lang='grc' dir='ltr'><strong><em>γάμου</em></strong></span> <span class='ocrx_word' id='word_1_76' title='bbox 598 1881 654 1958; x_wconf 80' lang='grc' dir='ltr'><strong>τὴν</strong></span> <span class='ocrx_word' id='word_1_77' title='bbox 679 1878 863 1960; x_wconf 74' lang='grc' dir='ltr'>εὐποτμίαν)</span> <span class='ocrx_word' id='word_1_78' title='bbox 895 1880 927 1940; x_wconf 87' lang='lat' dir='ltr'><strong>et</strong></span> <span class='ocrx_word' id='word_1_79' title='bbox 957 1897 998 1940; x_wconf 88' lang='lat' dir='ltr'><strong>ne</strong></span> <span class='ocrx_word' id='word_1_80' title='bbox 1027 1879 1097 1940; x_wconf 91' lang='lat' dir='ltr'><strong>tum</strong></span> <span class='ocrx_word' id='word_1_81' title='bbox 1121 1875 1248 1960; x_wconf 88' lang='lat' dir='ltr'><strong>quidem</strong></span> <span class='ocrx_word' id='word_1_82' title='bbox 1271 1897 1344 1939; x_wconf 88' lang='lat' dir='ltr'><strong>eum</strong></span> <span class='ocrx_word' id='word_1_83' title='bbox 1367 1875 1421 1938; x_wconf 93' lang='lat' dir='ltr'><strong>de·</strong></span> 
     </span>
     <span class='ocr_line' id='line_1_12' title="bbox 380 1997 1422 2082; baseline 0 -22"><span class='ocrx_word' id='word_1_84' title='bbox 380 1997 495 2081; x_wconf 86' lang='lat' dir='ltr'><strong>reliqui</strong></span> <span class='ocrx_word' id='word_1_85' title='bbox 526 1997 580 2061; x_wconf 88' lang='lat' dir='ltr'><strong>sed</strong></span> <span class='ocrx_word' id='word_1_86' title='bbox 613 1997 805 2082; x_wconf 87' lang='lat' dir='ltr'><strong>ubicumque</strong></span> <span class='ocrx_word' id='word_1_87' title='bbox 835 1997 926 2061; x_wconf 91' lang='lat' dir='ltr'><strong>illum</strong></span> <span class='ocrx_word' id='word_1_88' title='bbox 957 2002 1082 2076; x_wconf 87' lang='lat' dir='ltr'><strong>secuta,</strong></span> <span class='ocrx_word' id='word_1_89' title='bbox 1118 2019 1243 2061; x_wconf 89' lang='lat' dir='ltr'><strong>sursum</strong></span> <span class='ocrx_word' id='word_1_90' title='bbox 1277 1998 1422 2061; x_wconf 88' lang='lat' dir='ltr'><strong>deorsum</strong></span> 
     </span>
     <span class='ocr_line' id='line_1_13' title="bbox 382 2116 1423 2200; baseline 0.001 -20"><span class='ocrx_word' id='word_1_91' title='bbox 382 2138 433 2180; x_wconf 93' lang='lat' dir='ltr'><strong>me</strong></span> <span class='ocrx_word' id='word_1_92' title='bbox 456 2116 649 2181; x_wconf 81' lang='lat' dir='ltr'><strong>circumduci</strong></span> <span class='ocrx_word' id='word_1_93' title='bbox 673 2139 766 2200; x_wconf 89' lang='lat' dir='ltr'><strong>passa</strong></span> <span class='ocrx_word' id='word_1_94' title='bbox 782 2139 862 2181; x_wconf 87' lang='lat' dir='ltr'><strong>sum.</strong></span> <span class='ocrx_word' id='word_1_95' title='bbox 886 2116 952 2181; x_wconf 89' lang='lat' dir='ltr'><strong>Iter</strong></span> <span class='ocrx_word' id='word_1_96' title='bbox 975 2139 1047 2182; x_wconf 90' lang='lat' dir='ltr'><strong>cum</strong></span> <span class='ocrx_word' id='word_1_97' title='bbox 1070 2116 1125 2180; x_wconf 92' lang='lat' dir='ltr'><strong>illo</strong></span> <span class='ocrx_word' id='word_1_98' title='bbox 1147 2116 1207 2181; x_wconf 82' lang='lat' dir='ltr'><strong>feci</strong></span> <span class='ocrx_word' id='word_1_99' title='bbox 1223 2139 1279 2199; x_wconf 92' lang='lat' dir='ltr'><strong>per</strong></span> <span class='ocrx_word' id='word_1_100' title='bbox 1293 2117 1423 2181; x_wconf 87' lang='lat' dir='ltr'><strong>Joniam</strong></span> 
     </span>
     <span class='ocr_line' id='line_1_14' title="bbox 382 2233 1422 2320; baseline -0.002 -19"><span class='ocrx_word' id='word_1_101' title='bbox 382 2240 414 2301; x_wconf 90' lang='lat' dir='ltr'><strong>et</strong></span> <span class='ocrx_word' id='word_1_102' title='bbox 444 2257 500 2320; x_wconf 89' lang='lat' dir='ltr'><strong>per</strong></span> <span class='ocrx_word' id='word_1_103' title='bbox 532 2233 698 2300; x_wconf 82' lang='lat' dir='ltr'><strong>Graeciam</strong></span> <span class='ocrx_word' id='word_1_104' title='bbox 728 2239 760 2299; x_wconf 87' lang='lat' dir='ltr'><strong>et</strong></span> <span class='ocrx_word' id='word_1_105' title='bbox 790 2257 890 2318; x_wconf 91' lang='lat' dir='ltr'><strong>quum</strong></span> <span class='ocrx_word' id='word_1_106' title='bbox 920 2235 1047 2299; x_wconf 84' lang='lat' dir='ltr'><strong>ltaliam</strong></span> <span class='ocrx_word' id='word_1_107' title='bbox 1071 2256 1196 2320; x_wconf 88' lang='lat' dir='ltr'><strong>qnoque</strong></span> <span class='ocrx_word' id='word_1_108' title='bbox 1219 2234 1306 2298; x_wconf 89' lang='lat' dir='ltr'><strong>adire</strong></span> <span class='ocrx_word' id='word_1_109' title='bbox 1328 2235 1422 2300; x_wconf 89' lang='lat' dir='ltr'><strong>vellet</strong></span> 
     </span>
     <span class='ocr_line' id='line_1_15' title="bbox 383 2353 1420 2440; baseline 0.001 -22"><span class='ocrx_word' id='word_1_110' title='bbox 383 2377 469 2420; x_wconf 86' lang='lat' dir='ltr'><strong>mare</strong></span> <span class='ocrx_word' id='word_1_111' title='bbox 491 2353 624 2420; x_wconf 87' lang='lat' dir='ltr'><strong>Jonium</strong></span> <span class='ocrx_word' id='word_1_112' title='bbox 647 2375 719 2418; x_wconf 88' lang='lat' dir='ltr'><strong>cum</strong></span> <span class='ocrx_word' id='word_1_113' title='bbox 743 2374 779 2418; x_wconf 85' lang='lat' dir='ltr'><strong>eo</strong></span> <span class='ocrx_word' id='word_1_114' title='bbox 801 2354 912 2438; x_wconf 84' lang='lat' dir='ltr'><strong>trajeci</strong></span> <span class='ocrx_word' id='word_1_115' title='bbox 935 2360 987 2420; x_wconf 81' lang='grc' dir='ltr'><strong>καὶ</strong></span> <span class='ocrx_word' id='word_1_116' title='bbox 1011 2361 1051 2419; x_wconf 85' lang='grc' dir='ltr'><strong>τὰ</strong></span> <span class='ocrx_word' id='word_1_117' title='bbox 1074 2354 1237 2421; x_wconf 71' lang='grc' dir='ltr'><strong><em>τελευταῖα</em></strong></span> <span class='ocrx_word' id='word_1_118' title='bbox 1259 2354 1349 2440; x_wconf 77' lang='grc' dir='ltr'><em>μέχρι</em></span> <span class='ocrx_word' id='word_1_119' title='bbox 1367 2364 1420 2437; x_wconf 81' lang='grc' dir='ltr'><strong>τῆς</strong></span> 
     </span>
    </p>
   </div>
   <div class='ocr_carea' id='block_1_3' title="bbox 381 2477 1421 2562">
    <p class='ocr_par' dir='ltr' id='par_1_3' title="bbox 381 2477 1421 2562">
     <span class='ocr_line' id='line_1_16' title="bbox 381 2477 1421 2562; baseline -0.004 -18"><span class='ocrx_word' id='word_1_120' title='bbox 381 2477 534 2560; x_wconf 74' lang='grc' dir='ltr'><strong>Κελτικῆς</strong></span> <span class='ocrx_word' id='word_1_121' title='bbox 557 2483 762 2562; x_wconf 83' lang='grc' dir='ltr'><strong><em>συναπάρασα</em></strong></span> <span class='ocrx_word' id='word_1_122' title='bbox 786 2478 984 2562; x_wconf 75' lang='grc' dir='ltr'><strong><em>εὐπορεῖσθαι</em></strong></span> <span class='ocrx_word' id='word_1_123' title='bbox 1010 2478 1150 2558; x_wconf 79' lang='grc' dir='ltr'><strong><em>ἐποίησα,</em></strong></span> <span class='ocrx_word' id='word_1_124' title='bbox 1176 2496 1258 2558; x_wconf 86' lang='lat' dir='ltr'><strong>quae</strong></span> <span class='ocrx_word' id='word_1_125' title='bbox 1281 2477 1421 2540; x_wconf 84' lang='lat' dir='ltr'><strong>narratio</strong></span> 
     </span>
    </p>
   </div>
   <div class='ocr_carea' id='block_1_4' title="bbox 338 2594 1423 3873">
    <p class='ocr_par' dir='ltr' id='par_1_4' title="bbox 338 2594 1423 3873">
     <span class='ocr_line' id='line_1_17' title="bbox 381 2594 1421 2679; baseline 0 -19"><span class='ocrx_word' id='word_1_126' title='bbox 381 2597 510 2679; x_wconf 88' lang='lat' dir='ltr'><strong>dempto</strong></span> <span class='ocrx_word' id='word_1_127' title='bbox 524 2594 595 2660; x_wconf 87' lang='lat' dir='ltr'><strong>fuco</strong></span> <span class='ocrx_word' id='word_1_128' title='bbox 608 2598 640 2659; x_wconf 89' lang='lat' dir='ltr'><strong>et</strong></span> <span class='ocrx_word' id='word_1_129' title='bbox 654 2599 842 2659; x_wconf 88' lang='lat' dir='ltr'><strong>ornamento</strong></span> <span class='ocrx_word' id='word_1_130' title='bbox 855 2594 1023 2671; x_wconf 83' lang='lat' dir='ltr'><strong>rhetorico,</strong></span> <span class='ocrx_word' id='word_1_131' title='bbox 1036 2595 1198 2659; x_wconf 87' lang='lat' dir='ltr'><strong>communi</strong></span> <span class='ocrx_word' id='word_1_132' title='bbox 1209 2595 1296 2660; x_wconf 90' lang='lat' dir='ltr'><strong>illius</strong></span> <span class='ocrx_word' id='word_1_133' title='bbox 1309 2597 1421 2660; x_wconf 87' lang='lat' dir='ltr'><strong>aetatis</strong></span> 
     </span>
     <span class='ocr_line' id='line_1_18' title="bbox 380 2711 1421 2800; baseline 0.002 -22"><span class='ocrx_word' id='word_1_134' title='bbox 380 2714 479 2800; x_wconf 81' lang='lat' dir='ltr'><strong>vitio,</strong></span> <span class='ocrx_word' id='word_1_135' title='bbox 522 2713 604 2778; x_wconf 90' lang='lat' dir='ltr'><strong>nihil</strong></span> <span class='ocrx_word' id='word_1_136' title='bbox 646 2713 733 2776; x_wconf 89' lang='lat' dir='ltr'><strong>alind</strong></span> <span class='ocrx_word' id='word_1_137' title='bbox 771 2713 932 2798; x_wconf 86' lang='lat' dir='ltr'><strong>significat</strong></span> <span class='ocrx_word' id='word_1_138' title='bbox 959 2711 1022 2776; x_wconf 89' lang='lat' dir='ltr'><strong>nisi</strong></span> <span class='ocrx_word' id='word_1_139' title='bbox 1057 2713 1134 2778; x_wconf 89' lang='lat' dir='ltr'><strong>hoc:</strong></span> <span class='ocrx_word' id='word_1_140' title='bbox 1171 2714 1346 2798; x_wconf 81' lang='lat' dir='ltr'><strong>Lucienus,</strong></span> <span class='ocrx_word' id='word_1_141' title='bbox 1381 2716 1421 2780; x_wconf 90' lang='lat' dir='ltr'><strong>ab</strong></span> 
     </span>
     <span class='ocr_line' id='line_1_19' title="bbox 381 2830 1422 2915; baseline 0.003 -21"><span class='ocrx_word' id='word_1_142' title='bbox 381 2831 513 2896; x_wconf 87' lang='lat' dir='ltr'><strong>ineunte</strong></span> <span class='ocrx_word' id='word_1_143' title='bbox 547 2830 756 2895; x_wconf 87' lang='lat' dir='ltr'><strong>adolescentia</strong></span> <span class='ocrx_word' id='word_1_144' title='bbox 790 2830 966 2915; x_wconf 80' lang='lat' dir='ltr'><strong>praeceptis</strong></span> <span class='ocrx_word' id='word_1_145' title='bbox 996 2831 1160 2896; x_wconf 85' lang='lat' dir='ltr'><strong>rhetoricis</strong></span> <span class='ocrx_word' id='word_1_146' title='bbox 1191 2832 1351 2910; x_wconf 87' lang='lat' dir='ltr'><strong>imbutus,</strong></span> <span class='ocrx_word' id='word_1_147' title='bbox 1385 2838 1422 2897; x_wconf 87' lang='lat' dir='ltr'><strong>ut</strong></span> 
     </span>
     <span class='ocr_line' id='line_1_20' title="bbox 381 2947 1422 3034; baseline 0.001 -20"><span class='ocrx_word' id='word_1_148' title='bbox 381 2950 417 3017; x_wconf 93' lang='lat' dir='ltr'><strong>P.</strong></span> <span class='ocrx_word' id='word_1_149' title='bbox 452 2950 563 3015; x_wconf 83' lang='lat' dir='ltr'><strong>Aelius</strong></span> <span class='ocrx_word' id='word_1_150' title='bbox 597 2947 770 3027; x_wconf 77' lang='lat' dir='ltr'><strong>Aristides,</strong></span> <span class='ocrx_word' id='word_1_151' title='bbox 805 2954 843 3014; x_wconf 91' lang='lat' dir='ltr'><strong>ut</strong></span> <span class='ocrx_word' id='word_1_152' title='bbox 877 2949 938 3014; x_wconf 93' lang='lat' dir='ltr'><strong>Dio</strong></span> <span class='ocrx_word' id='word_1_153' title='bbox 966 2948 1209 3034; x_wconf 83' lang='lat' dir='ltr'><strong>Ohrysostomus</strong></span> <span class='ocrx_word' id='word_1_154' title='bbox 1241 2951 1296 3014; x_wconf 91' lang='lat' dir='ltr'><strong>alii</strong></span> <span class='ocrx_word' id='word_1_155' title='bbox 1328 2952 1422 3016; x_wconf 91' lang='lat' dir='ltr'><strong>multi</strong></span> 
     </span>
     <span class='ocr_line' id='line_1_21' title="bbox 380 3069 1422 3154; baseline 0 -20"><span class='ocrx_word' id='word_1_156' title='bbox 380 3070 563 3154; x_wconf 83' lang='lat' dir='ltr'><strong>peragravit</strong></span> <span class='ocrx_word' id='word_1_157' title='bbox 585 3069 754 3153; x_wconf 87' lang='lat' dir='ltr'><strong>imperium</strong></span> <span class='ocrx_word' id='word_1_158' title='bbox 777 3069 960 3133; x_wconf 85' lang='lat' dir='ltr'><strong>Romanurn</strong></span> <span class='ocrx_word' id='word_1_159' title='bbox 983 3070 1058 3134; x_wconf 90' lang='lat' dir='ltr'><strong>solis</strong></span> <span class='ocrx_word' id='word_1_160' title='bbox 1077 3071 1118 3134; x_wconf 91' lang='lat' dir='ltr'><strong>ab</strong></span> <span class='ocrx_word' id='word_1_161' title='bbox 1133 3075 1205 3134; x_wconf 91' lang='grc'><strong>01111</strong></span> <span class='ocrx_word' id='word_1_162' title='bbox 1221 3071 1261 3133; x_wconf 90' lang='lat' dir='ltr'><strong>ad</strong></span> <span class='ocrx_word' id='word_1_163' title='bbox 1277 3075 1422 3136; x_wconf 86' lang='lat' dir='ltr'><strong>occasum</strong></span> 
     </span>
     <span class='ocr_line' id='line_1_22' title="bbox 354 3176 1423 3271; baseline 0.001 -20"><span class='ocrx_word' id='word_1_164' title='bbox 354 3176 357 3180; x_wconf 37' lang='lat'>⁵</span> <span class='ocrx_word' id='word_1_165' title='bbox 381 3192 418 3251; x_wconf 89' lang='lat' dir='ltr'><strong>ut</strong></span> <span class='ocrx_word' id='word_1_166' title='bbox 450 3187 612 3252; x_wconf 90' lang='lat' dir='ltr'><strong>recitando</strong></span> <span class='ocrx_word' id='word_1_167' title='bbox 643 3191 675 3251; x_wconf 90' lang='lat' dir='ltr'><strong>et</strong></span> <span class='ocrx_word' id='word_1_168' title='bbox 698 3186 906 3251; x_wconf 89' lang='lat' dir='ltr'><strong>declamando</strong></span> <span class='ocrx_word' id='word_1_169' title='bbox 929 3187 1049 3251; x_wconf 80' lang='lat' dir='ltr'><strong>victum</strong></span> <span class='ocrx_word' id='word_1_170' title='bbox 1073 3187 1134 3250; x_wconf 90' lang='lat' dir='ltr'><strong>sibi</strong></span> <span class='ocrx_word' id='word_1_171' title='bbox 1157 3193 1330 3271; x_wconf 87' lang='lat' dir='ltr'><strong>quaereret.</strong></span> <span class='ocrx_word' id='word_1_172' title='bbox 1351 3187 1423 3271; x_wconf 89' lang='lat' dir='ltr'><strong>lpse</strong></span> 
     </span>
     <span class='ocr_line' id='line_1_23' title="bbox 380 3303 1422 3391; baseline 0.001 -23"><span class='ocrx_word' id='word_1_173' title='bbox 380 3308 491 3368; x_wconf 88' lang='lat' dir='ltr'><strong>narrat</strong></span> <span class='ocrx_word' id='word_1_174' title='bbox 521 3327 554 3369; x_wconf 90' lang='lat' dir='ltr'><strong>se</strong></span> <span class='ocrx_word' id='word_1_175' title='bbox 583 3303 755 3369; x_wconf 88' lang='lat' dir='ltr'><strong>rhetorices</strong></span> <span class='ocrx_word' id='word_1_176' title='bbox 784 3304 915 3369; x_wconf 87' lang='lat' dir='ltr'><strong>nemine</strong></span> <span class='ocrx_word' id='word_1_177' title='bbox 946 3306 1101 3369; x_wconf 88' lang='lat' dir='ltr'><strong>maximas</strong></span> <span class='ocrx_word' id='word_1_178' title='bbox 1120 3306 1237 3389; x_wconf 77' lang='lat' dir='ltr'><strong>publice</strong></span> <span class='ocrx_word' id='word_1_179' title='bbox 1264 3308 1422 3391; x_wconf 80' lang='grc' dir='ltr'><strong><em>(δημοσίᾳ)</em></strong></span> 
     </span>
     <span class='ocr_line' id='line_1_24' title="bbox 381 3426 1421 3512; baseline -0.001 -20"><span class='ocrx_word' id='word_1_180' title='bbox 381 3428 537 3492; x_wconf 89' lang='lat' dir='ltr'><strong>mercedes</strong></span> <span class='ocrx_word' id='word_1_181' title='bbox 568 3428 685 3512; x_wconf 86' lang='lat' dir='ltr'><strong>cepisse</strong></span> <span class='ocrx_word' id='word_1_182' title='bbox 717 3430 739 3512; x_wconf 89' lang='lat'><strong>¹)</strong></span> <span class='ocrx_word' id='word_1_183' title='bbox 770 3426 867 3512; x_wconf 90' lang='lat' dir='ltr'><strong>inque</strong></span> <span class='ocrx_word' id='word_1_184' title='bbox 897 3451 1030 3492; x_wconf 88' lang='lat' dir='ltr'><strong>numero</strong></span> <span class='ocrx_word' id='word_1_185' title='bbox 1064 3450 1174 3492; x_wconf 85' lang='lat' dir='ltr'><strong>eorum</strong></span> <span class='ocrx_word' id='word_1_186' title='bbox 1208 3429 1421 3511; x_wconf 85' lang='lat' dir='ltr'><strong>sophistarum</strong></span> 
     </span>
     <span class='ocr_line' id='line_1_25' title="bbox 338 3546 1422 3634; baseline -0.003 -21"><span class='ocrx_word' id='word_1_187' title='bbox 338 3627 348 3634; x_wconf 46' lang='grc'>-</span> <span class='ocrx_word' id='word_1_188' title='bbox 379 3554 583 3613; x_wconf 87' lang='lat' dir='ltr'><strong>numeratum</strong></span> <span class='ocrx_word' id='word_1_189' title='bbox 607 3570 672 3612; x_wconf 89' lang='lat' dir='ltr'><strong>esse</strong></span> <span class='ocrx_word' id='word_1_190' title='bbox 695 3568 773 3632; x_wconf 87' lang='lat' dir='ltr'><strong>quos</strong></span> <span class='ocrx_word' id='word_1_191' title='bbox 796 3547 864 3632; x_wconf 90' lang='lat' dir='ltr'><strong>ipse</strong></span> <span class='ocrx_word' id='word_1_192' title='bbox 886 3547 1137 3631; x_wconf 68' lang='grc' dir='ltr'><strong><em>μεγαλομίσθους</em></strong></span> <span class='ocrx_word' id='word_1_193' title='bbox 1161 3547 1315 3631; x_wconf 83' lang='lat' dir='ltr'><strong>designet.</strong></span> <span class='ocrx_word' id='word_1_194' title='bbox 1344 3546 1422 3610; x_wconf 87' lang='lat' dir='ltr'><strong>For-</strong></span> 
     </span>
     <span class='ocr_line' id='line_1_26' title="bbox 379 3667 1421 3754; baseline -0.002 -20"><span class='ocrx_word' id='word_1_195' title='bbox 379 3674 463 3734; x_wconf 86' lang='lat' dir='ltr'><strong>tasse</strong></span> <span class='ocrx_word' id='word_1_196' title='bbox 493 3669 593 3754; x_wconf 85' lang='lat' dir='ltr'><strong>igitur</strong></span> <span class='ocrx_word' id='word_1_197' title='bbox 617 3668 794 3752; x_wconf 88' lang='lat' dir='ltr'><strong>adscriptus</strong></span> <span class='ocrx_word' id='word_1_198' title='bbox 817 3671 886 3731; x_wconf 87' lang='lat' dir='ltr'><strong>erat</strong></span> <span class='ocrx_word' id='word_1_199' title='bbox 907 3667 1035 3731; x_wconf 88' lang='lat' dir='ltr'><strong>illorum</strong></span> <span class='ocrx_word' id='word_1_200' title='bbox 1062 3667 1153 3752; x_wconf 82' lang='lat' dir='ltr'><strong>gregi</strong></span> <span class='ocrx_word' id='word_1_201' title='bbox 1175 3669 1230 3753; x_wconf 90' lang='lat' dir='ltr'><strong>qui</strong></span> <span class='ocrx_word' id='word_1_202' title='bbox 1254 3669 1320 3733; x_wconf 88' lang='lat' dir='ltr'><strong>divi</strong></span> <span class='ocrx_word' id='word_1_203' title='bbox 1345 3671 1421 3732; x_wconf 82' lang='lat' dir='ltr'><strong>Ves-</strong></span> 
     </span>
     <span class='ocr_line' id='line_1_27' title="bbox 380 3785 1423 3873; baseline -0.002 -20"><span class='ocrx_word' id='word_1_204' title='bbox 380 3788 506 3873; x_wconf 89' lang='lat' dir='ltr'><strong>pasiani</strong></span> <span class='ocrx_word' id='word_1_205' title='bbox 535 3787 755 3853; x_wconf 87' lang='lat' dir='ltr'><strong>munificentia</strong></span> <span class='ocrx_word' id='word_1_206' title='bbox 790 3791 887 3871; x_wconf 87' lang='lat' dir='ltr'><strong>atque</strong></span> <span class='ocrx_word' id='word_1_207' title='bbox 920 3785 1111 3850; x_wconf 87' lang='lat' dir='ltr'><strong>liberalitate</strong></span> <span class='ocrx_word' id='word_1_208' title='bbox 1142 3787 1258 3851; x_wconf 86' lang='lat' dir='ltr'><strong>annuis</strong></span> <span class='ocrx_word' id='word_1_209' title='bbox 1282 3789 1423 3852; x_wconf 86' lang='lat' dir='ltr'><strong>centenis</strong></span> 
     </span>
    </p>
   </div>
   <div class='ocr_carea' id='block_1_5' title="bbox 426 4233 1013 4314">
    <p class='ocr_par' dir='ltr' id='par_1_5' title="bbox 426 4233 1013 4314">
     <span class='ocr_line' id='line_1_28' title="bbox 426 4233 1013 4314; baseline -0.003 -20"><span class='ocrx_word' id='word_1_210' title='bbox 426 4237 449 4314; x_wconf 78' lang='grc' dir='ltr'><strong>ι)</strong></span> <span class='ocrx_word' id='word_1_211' title='bbox 473 4236 556 4314; x_wconf 83' lang='lat' dir='ltr'><strong>Apol.</strong></span> <span class='ocrx_word' id='word_1_212' title='bbox 579 4255 631 4313; x_wconf 88' lang='lat' dir='ltr'><strong>pro</strong></span> <span class='ocrx_word' id='word_1_213' title='bbox 655 4253 738 4294; x_wconf 88' lang='lat' dir='ltr'><strong>merc.</strong></span> <span class='ocrx_word' id='word_1_214' title='bbox 761 4234 844 4292; x_wconf 91' lang='lat' dir='ltr'><strong>cond.</strong></span> <span class='ocrx_word' id='word_1_215' title='bbox 868 4233 937 4310; x_wconf 82' lang='lat' dir='ltr'><strong>Gap.</strong></span> <span class='ocrx_word' id='word_1_216' title='bbox 965 4236 1013 4292; x_wconf 79' lang='lat'><strong>15.</strong></span> 
     </span>
    </p>
   </div>
   <div class='ocr_carea' id='block_1_6' title="bbox 0 0 1694 5180">
    <p class='ocr_par' dir='ltr' id='par_1_6' title="bbox 0 0 1694 5180">
     <span class='ocr_line' id='line_1_29' title="bbox 0 0 1694 5180; baseline 0 0"><span class='ocrx_word' id='word_1_217' title='bbox 0 0 1694 5180; x_wconf 95' lang='lat' dir='ltr'><strong> </strong></span> 
     </span>
    </p>
   </div>
  </div>
 </body>
</html>
