3372 5180
752 578 792 644 17

161 810 163 816 ’
254 803 318 878 est,
345 799 439 883 juvat
468 801 577 861 tamen
604 796 657 860 hic
679 795 818 861 delibare
840 797 996 862 nonnulla
1018 798 1057 863 de
1079 797 1146 863 eius
1168 799 1294 882 praefa-

254 919 341 983 tione
368 918 424 982 ubi
454 915 594 982 misellus
623 915 773 1000 Juppiter
794 938 827 981 se
850 917 1103 1002 omnipotentem
1125 941 1192 984 esse
1218 941 1295 984 cou-

254 1039 407 1122 queritur.
431 1034 518 1112 Quae
540 1035 609 1119 ipsa
632 1035 885 1100 commodissime
904 1060 954 1102 me
969 1037 1086 1103 ducent
1102 1039 1142 1103 ad
1156 1039 1294 1124 reliquos

254 1177 331 1241 quos
354 1176 448 1239 supra
471 1153 636 1238 designavi
658 1153 780 1218 libellos
801 1153 837 1217 in
860 1155 975 1240 quibus
1003 1156 1194 1222 «hominum
1210 1161 1295 1222 sator

253 1279 349 1359 atque
379 1275 534 1338 deornm»
569 1294 602 1337 se
631 1270 736 1356 ipsum
764 1277 875 1337 contra
902 1273 1045 1360 argutias
1078 1279 1111 1340 et
1144 1276 1295 1360 ambages

253 1392 466 1476 sophistarum
489 1392 655 1455 defendere
673 1395 800 1456 coactus
815 1396 871 1456 est.
889 1391 1006 1457 Statim
1026 1394 1067 1457 ab
1083 1393 1177 1459 initio
1194 1395 1294 1480 igitur

253 1512 287 1577 in
316 1511 395 1576 «Bis
418 1515 579 1577 accusato»
617 1510 776 1596 Juppiter‚
804 1510 953 1575 Pessimis
976 1513 1146 1598 exemplis,
1169 1513 1294 1598 inquit,

254 1632 435 1716 dispereant
469 1628 666 1714 philosophi,
700 1629 756 1714 qui
786 1630 972 1695 felicitatem
1002 1632 1104 1696 solum
1127 1633 1212 1716 apud
1235 1653 1294 1697 nos

253 1751 325 1816 deos
358 1772 425 1815 esse
454 1749 658 1814 contendant.
696 1721 780 1812 Dein
819 1754 974 1814 memorat
1002 1751 1133 1836 negotia
1159 1756 1192 1816 et
1225 1773 1294 1817 mo·

252 1869 357 1934 lestias
385 1869 536 1952 cuiusque
565 1867 616 1931 dei
645 1889 726 1952 quae
756 1866 924 1932 hominum
952 1889 1048 1933 causa
1078 1870 1235 1953 suscipere
1263 1874 1296 1934 et

252 1987 332 2051 ferre
361 1985 462 2050 coacti
492 1988 568 2050 sunt
600 1988 632 2048 et
664 1984 772 2049 addit:
804 1987 905 2051 καίτοι
939 1991 978 2051 τὰ
1009 1990 1067 2070 μὲν
1101 1990 1165 2053 τῶν
1188 1985 1293 2054 ἄλλων

250 2105 378 2189 μέτρια·
401 2105 519 2183 lydor
543 2105 636 2180 αὐτὸς
658 2107 676 2169 o‘
698 2111 826 2171 πάντων
850 2105 993 2193 βασιλεύς
1017 2108 1070 2171 καὶ
1094 2111 1196 2191 πατὴρ
1219 2107 1292 2181 δσας

252 2228 308 2307 μὲν
331 2225 443 2308 ἀηδίας
467 2225 635 2310 ἀνέχομαι,
658 2225 716 2289 ὅσα
736 2225 769 2289 δὲ
793 2233 962 2310 πράγματα
984 2229 1044 2312 ἕχον
1056 2229 1131 2310 πρὸς
1145 2231 1295 2300 τοσαύτας

253 2346 419 2430 φροντίδας
443 2346 635 2432 διῃρημένος.
660 2343 825 2422 Sexcenta,
848 2345 895 2410 ita
916 2345 1031 2430 pergit,
1052 2345 1132 2409 mihi
1151 2345 1293 2430 quotidie

252 2465 430 2550 peragenda
464 2469 558 2542 sunt,
592 2469 628 2534 οὐ
660 2469 718 2552 γὰρ
748 2471 845 2549 μόνον
876 2472 915 2531 τὰ
938 2465 1093 2549 κεφάλαια
1116 2478 1216 2533 ταῦτα
1239 2479 1292 2548 τῆς

253 2587 426 2668 διοικήσεως
445 2589 482 2650 ut
504 2585 647 2670 pluviae,
679 2585 870 2671 grandines,
893 2585 982 2650 venti
1011 2590 1044 2650 ct
1065 2587 1190 2671 fulgora
1213 2586 1293 2649 mihi
1319 2671 1321 2675 Ι

252 2707 429 2770 ordinanda
459 2709 491 2770 et
525 2705 777 2769 administranda
808 2709 900 2782 sunt,
939 2728 1065 2800 verum·
1083 2708 1208 2791 oportet
1243 2727 1293 2768 me

251 2830 284 2890 et
316 2826 395 2889 haec
432 2824 534 2889 facere
566 2828 612 2888 -et
645 2824 755 2888 eodem
791 2827 934 2908 tempore
971 2845 1195 2908 usquequaque
1228 2845 1294 2887 res-

252 2945 365 3030 picere.
411 2945 486 3011 Non
530 2945 623 3009 modo
666 2944 919 3026 omnipotentem
965 2966 1015 3008 me
1060 2965 1126 3008 esse
1171 2945 1296 3026 oportet

252 3063 306 3129 sed
339 3063 454 3140 etiam,
494 3062 578 3147 quod
613 3066 661 3126 est
691 3061 990 3139 laboriosissimum,
1025 3060 1143 3145 ubique
1176 3060 1292 3125 adesse.

253 3183 323 3250 Ἢν
355 3190 412 3267 γάρ
446 3206 474 3245 τι
507 3184 559 3246 καὶ
584 3183 693 3265 μικρὸν
717 3181 980 3263 ἐπινοστάξωμεν,
1013 3178 1135 3262 ἀληθὴς
1159 3181 1296 3252 εὐθύςό

254 3303 453 3387 Ἐπίκουρος,
484 3303 696 3385 ἀπρονοήτους
730 3307 809 3383 ἡμᾶς
843 3300 1029 3380 ἀποφαίνων
1061 3304 1124 3364 τῶν
1156 3301 1207 3363 ἐπὶ
1239 3306 1294 3378 γῆς

254 3427 442 3505 πραγμάτων
467 3420 519 3482 καὶ
542 3421 560 3482 o‘
583 3418 729 3493 κίνδυνος
753 3419 808 3483 οὐκ
833 3417 1113 3501 εὐκαταφρόνητος,
1145 3421 1172 3481 εἶ
1195 3426 1294 3481 ταῦτα

254 3543 283 3605 οἱ
305 3545 467 3624 ἂνθρωποι
496 3545 709 3605 πιστεύσουσιν
732 3543 832 3623 αὐτῷ,
849 3539 881 3601 et
896 3540 1061 3600 enumerat
1075 3535 1190 3620 quibus
1206 3555 1293 3598 com-

254 3659 355 3724 modis
387 3658 455 3743 ipse
488 3662 521 3722 at
553 3657 668 3742 reliqui
699 3655 749 3720 dei
779 3659 940 3732 carerent,
975 3653 1003 3718 si
1030 3675 1140 3718 omnes
1162 3651 1295 3735 Epicuri

254 3777 431 3844 doctrinam
468 3777 742 3861 amplecterentur.
782 3773 870 3850 Quae
903 3796 1001 3858 quum
1036 3771 1154 3837 sentire
1180 3771 1295 3837 Jovem

253 3895 448 3962 Lucianeum
478 3900 516 3960 ut
547 3895 595 3959 ita
629 3886 733 3959 dicam
767 3894 927 3975 videmus,
967 3895 1016 3956 est
1051 3913 1127 3956 sane
1162 3889 1294 3954 minime

254 4014 436 4080 mirandum
470 4036 543 4078 eum
581 4013 621 4078 ad
659 4017 836 4076 extremum
873 4009 976 4094 redigi
1009 4031 1082 4074 cum
1112 4008 1226 4093 aliquis
1256 4017 1295 4071 ex'
1326 4076 1328 4080 ,

252 4133 309 4199 illa
339 4133 434 4198 turba
464 4129 677 4216 sophistarum
700 4151 773 4194 cum
797 4150 834 4194 eo
856 4129 892 4193 in
914 4129 1107 4213 palaestram
1134 4125 1295 4197 descendit
1339 4139 1341 4144 '

254 4273 387 4347 eumque
409 4251 598 4335 redarguere
620 4253 652 4314 et
666 4247 806 4312 refutare
821 4251 963 4312 conatur.
981 4245 1072 4321 Quod
1084 4246 1190 4329 ipsum
1203 4243 1295 4308 nobis

1130 4365 1148 4421 2
