3372 5180
882 523 923 596 52

378 751 492 830 Multi,
519 749 637 835 inquit,
658 750 751 816 duces
774 753 850 815 sunt
872 749 926 834 qui
962 749 1048 814 viam
1080 748 1142 813 tibi
1174 750 1354 814 monstrent
1384 747 1424 811 ad

377 869 466 935 illam
493 869 603 934 urbem
621 869 766 948 beatam,
794 869 848 934 sed
875 867 928 933 ria
955 891 1021 934 non
1049 871 1097 933 est
1112 867 1220 932 eadem
1237 871 1269 932 et
1292 866 1425 933 minime

377 987 478 1053 altera
501 987 591 1052 alteri
614 988 727 1053 similis
750 986 797 1074 (Ο.
819 987 885 1074 25).
908 987 1134 1074 Unusquisque
1156 992 1262 1053 autem
1279 986 1426 1071 perhibet

379 1135 412 1178 se
435 1134 543 1178 veram
573 1112 660 1178 viam
691 1112 770 1178 seire
789 1115 821 1177 et
844 1115 1021 1176 monstrare
1052 1112 1100 1196 (O.
1126 1111 1192 1197 26).
1215 1149 1256 1160 ·-
1284 1108 1426 1175 Misellos

309 1244 311 1248 ’
378 1229 597 1295 Hermotimus
614 1231 774 1316 paulisper
792 1253 825 1296 se
839 1232 960 1316 agitat,
984 1230 1099 1295 iterum
1116 1229 1238 1314 trepide
1255 1227 1427 1293 admodum

377 1353 511 1415 conatm
533 1351 617 1414 111111
632 1350 721 1415 illam
740 1373 830 1415 suam
850 1350 1021 1414 mulcatum
1042 1348 1173 1414 stoicam
1185 1347 1423 1432 philosophiam

380 1489 539 1552 opponere
551 1469 724 1534 dialecticis
735 1468 908 1533 adversarii
925 1467 1125 1552 captionibus
1140 1471 1173 1532 et
1189 1467 1359 1532 admodum
1372 1466 1427 1530 de·

382 1607 489 1669 pressa
506 1608 582 1651 voce
606 1587 733 1671 objicit:
751 1588 797 1651 At
819 1586 918 1652 Stoici
942 1591 1018 1651 sunt
1034 1586 1128 1652 duces
1144 1586 1276 1671 optimi;
1300 1607 1427 1671 quoquo

382 1701 485 1768 abibis
499 1705 643 1770 meliores
666 1728 732 1770 non
745 1706 889 1770 invenies
913 1703 961 1792 (0.
988 1705 1054 1790 29).
1073 1743 1114 1753 —
1131 1704 1169 1769 Id
1184 1727 1294 1770 omnes
1317 1705 1429 1770 dieunt

384 1826 416 1885 et
438 1821 596 1888 Platonici
619 1828 651 1888 et
673 1824 823 1908 Epicurei
845 1826 954 1909 itaque
977 1824 1054 1890 ὥστε
1069 1831 1090 1908 ἤ
1105 1831 1180 1890 πᾶσι
1197 1829 1354 1892 πιστεύειν
1372 1829 1427 1911 χρὴ

381 1943 456 2028 ὅπερ
491 1941 691 2021 γιλοιότατον
726 1945 743 2025 ,ἢ
769 1944 913 2009 α’πιστεῖν
947 1944 1057 2025 ὁμοίως
1092 1942 1187 2026 idque
1222 1948 1295 2025 post
1328 1963 1429 2025 pauca

380 2060 491 2125 iisdem
515 2061 579 2126 1111
603 2062 764 2127 vocabulis
798 2063 962 2148 repetitur.
998 2063 1022 2148 ¹)
1045 2064 1094 2129 ἔνι’
1114 2088 1147 2127 τε
1170 2061 1253 2144 λόγῳ
1286 2060 1426 2127 συνελών

381 2205 458 2265 φημι
492 2186 564 2268 ἀχρι
587 2185 628 2248 ἄν
650 2181 769 2265 ἄδηλον
803 2179 822 2268 ᾖ
854 2183 901 2258 τίς
924 2183 1046 2267 ἀληθής
1082 2186 1145 2248 ἐστι
1182 2181 1357 2267 προαίρισις
1393 2185 1426 2248 ἐν

381 2301 549 2384 φιλοσοφίᾳ
579 2304 736 2387 μηδεμίαν
768 2306 946 2390 αἱρεῖσθαι,
971 2307 1059 2392 ὕβρις
1090 2307 1148 2389 γὰρ
1183 2308 1214 2378 ἐς
1249 2308 1305 2378 τὰς
1327 2301 1427 2376 ἀλλοις

382 2426 417 2486 τὸ
440 2429 593 2489 τοιοῦτον.
607 2422 711 2499 Quam
733 2424 945 2489 verecundum
961 2428 1123 2488 auctorem
1144 2423 1303 2508 quamque
1319 2421 1426 2485 mode-

381 2544 487 2604 ratum
510 2542 642 2610 fortusse
672 2542 786 2627 aliquis
817 2543 1018 2608 exclamarit:
1042 2542 1204 2628 optionem
1231 2540 1332 2606 facere
1360 2560 1427 2602 non

382 2662 496 2743 potest,
508 2680 549 2723 ne
560 2658 699 2743 reliquas
709 2659 968 2746 philosophorum
981 2665 1081 2726 sectas
1096 2659 1290 2726 contumelia
1299 2656 1426 2734 afficiat,

381 2777 498 2841 sedhic
517 2799 641 2862 quoque
653 2777 837 2862 Epicharmi
849 2777 928 2844 illud
940 2781 1113 2846 tenendum
1127 2789 1205 2862 νᾶφε
1222 2782 1275 2845 καὶ
1293 2777 1425 2864 μέμνασ

382 2898 535 2962 ἀπιστεῖν.
568 2893 739 2959 Rhetorica
772 2895 1065 2979 argumentatione,
1095 2895 1143 2961 illi
1173 2897 1229 2983 qui
1252 2898 1302 2962 vel
1325 2920 1426 2982 pauca

383 3013 644 3098 philosophorum
685 3013 803 3097 placita
837 3015 966 3099 penitus
997 3037 1182 3100 cognoscere
1213 3016 1307 3081 vellet
1331 3037 1427 3099 supra

382 3131 535 3197 ducentos
559 3154 660 3197 annos
683 3153 749 3196 esse
771 3131 943 3197 urendum
967 3133 1182 3210 demonstrat,
1207 3135 1426 3222 misellumque

382 3249 619 3315 Hermotimum
635 3251 738 3335 magis
753 3251 918 3336 magisque
934 3252 1181 3338 argumentandi
1197 3255 1230 3317 et
1245 3253 1427 3339 alloquendi

383 3368 465 3433 ratio
477 3368 571 3453 fugit,
580 3368 620 3433 ad
632 3368 781 3434 ultimum
793 3369 841 3433 nil
849 3368 985 3454 objicere
993 3374 1098 3454 potest
1105 3370 1168 3435 nisi
1175 3370 1426 3461 illud‘Ystpcorts

381 3489 431 3553 αἐὶ
453 3495 501 3568 oct,
526 3489 581 3554 οὐκ
606 3482 666 3553 οἷδ’
689 3490 707 3552 ὅ
729 3515 759 3553 τι
782 3490 900 3556 παθὼν
922 3499 1020 3574 μισεῖς
1035 3490 1223 3575 φιλοσοφίαν
1240 3496 1292 3558 καὶ
1310 3497 1341 3569 ἐς
1355 3498 1427 3570 τούς

382 3608 629 3692 φιλοσοφοῦντας
648 3589 873 3686 inconsutae.
897 3611 921 3697 2)
944 3650 990 3660 -
1019 3610 1109 3687 Quod
1132 3616 1180 3676 est
1202 3605 1427 3698 argumentum

384 3728 486 3811 magis
521 3749 597 3792 sane
631 3727 672 3792 ad
706 3726 870 3792 hominem
907 3750 1003 3813 quam
1037 3728 1167 3794 adrem
1191 3732 1427 3796 controversam

424 4110 448 4197 l)
472 4120 503 4179 0.
529 4117 757 4181 3411111111.

426 4211 592 4301 2)11)111.
618 4226 667 4287 11.
721 4265 723 4272 ,
