3408 5180
900 551 941 620 68

395 780 463 841 erat
479 775 564 840 enim
581 777 689 857 σεμνός
702 801 749 850 τις
762 775 840 842 ἰδεῖν
853 777 906 841 καὶ
919 778 1095 860 θεοπρεπὴς
1108 777 1161 838 καὶ
1174 771 1301 838 πολύτὸ
1314 774 1440 854 κόσμιον

396 897 571 978 ἐπιφαίνων
584 902 627 982 τῷ
639 901 807 982 προσώπῳ,
820 895 871 960 cui
884 893 1067 958 advenienti
1080 895 1319 957 assurrexerunt
1330 911 1440 954 omnes

396 1027 428 1080 et
453 1017 544 1080 illum
567 1021 731 1098 tamquam
756 1037 794 1079 ex
818 1014 938 1099 superis
961 1013 1100 1097 aliquem
1123 1013 1343 1076 salutaverunt
1355 1011 1390 1097 ¹),
1408 1013 1442 1073 at

397 1139 432 1200 in
454 1137 663 1221 Philopseude
678 1137 813 1200 eundem
829 1135 939 1200 Ionem
956 1133 1145 1198 offendimus
1160 1133 1244 1197 inter
1258 1121 1329 1196 illos
1343 1129 1443 1194 aniles

397 1277 499 1342 nugas
523 1260 653 1340 agentes
678 1259 773 1340 atque
797 1255 898 1319 obiter
921 1254 988 1319 eius
1011 1252 1135 1317 nomini
1157 1251 1329 1336 apponitur
1344 1248 1441 1313 illud:

396 1378 451 1445 τὸν
490 1379 541 1442 ἐπὶ
580 1384 645 1450 τοῖς
681 1375 854 1449 Πλάτωνος
893 1373 995 1454 λόγοις
1032 1372 1255 1456 θαυμάζεσθαι
1278 1371 1440 1448 ἀξιοῦντα,

396 1500 562 1580 tamquam
578 1496 633 1580 qui
649 1518 731 1559 unus
744 1498 888 1559 accurate
900 1491 1045 1558 Platonis
1061 1489 1252 1555 sententiam
1267 1487 1442 1572 perceperit

397 1619 429 1678 et
440 1614 511 1678 aliis
522 1614 725 1698 interpretari
737 1613 845 1698 possit.
859 1608 883 1698 ²)
909 1611 1067 1687 Quoniam
1083 1609 1177 1675 semel
1193 1610 1228 1674 in
1244 1606 1443 1672 Academicis

398 1753 578 1810 versamur,
601 1733 687 1797 haud
710 1734 767 1796 abs
782 1733 850 1796 loco
866 1730 959 1795 nobis
975 1730 1101 1794 videtur
1115 1730 1150 1794 in
1167 1729 1306 1792 medium
1321 1725 1442 1811 aliquid

355 1917 356 1922 ,
398 1851 537 1936 proferre
576 1851 614 1915 de
654 1851 792 1915 eiusdem
827 1848 952 1914 scholae
985 1846 1172 1932 philosopho
1206 1847 1294 1911 cuius
1325 1867 1442 1911 nomen

399 1970 558 2034 oblivione
581 1973 664 2034 certe
676 1971 824 2034 obrutum
842 1972 932 2045 esset,
948 1967 1011 2031 nisi
1025 1967 1185 2030 Lucienus
1201 1965 1236 2030 in
1252 1965 1443 2050 cognomine

398 2091 506 2154 libello
519 2091 557 2154 de
573 2090 628 2154 illo
644 2069 840 2153 mentionem
858 2088 998 2167 fecisset,
1018 2087 1192 2172 Nigrinum
1205 2086 1285 2150 dico.
1308 2085 1443 2149 Minime

400 2209 580 2273 mirandum
618 2209 744 2274 videtur
781 2209 867 2273 huno
897 2207 1059 2291 dialogum
1089 2206 1185 2270 semel
1217 2209 1248 2270 et
1274 2205 1393 2269 iterum
1424 2227 1443 2268 a

400 2329 703 2398 commentatoribus
733 2328 768 2391 in
798 2327 905 2411 spuria
936 2349 1002 2391 esse
1029 2327 1191 2410 rejectum.
1216 2325 1305 2401 Quod
1329 2325 1366 2389 ad
1392 2347 1443 2389 me

400 2447 517 2511 attinet
527 2447 587 2511 hac
598 2448 633 2512 in
645 2469 680 2511 re
691 2468 805 2532 sequar
815 2445 1078 2511 Academicorum
1089 2446 1257 2524 rationem,
1270 2445 1306 2511 τὸ
1319 2445 1442 2532 ἐπέχειν

401 2565 558 2649 optimum
582 2589 647 2630 esse
669 2570 757 2630 ratus
781 2565 966 2651 praesertim
989 2588 1087 2651 quum
1111 2588 1147 2630 ea
1170 2565 1230 2630 sim
1242 2562 1356 2643 aetate,
1382 2588 1442 2650 qua

403 2705 556 2769 arrogans
587 2688 619 2749 ct
647 2688 812 2769 tamquam
844 2707 882 2749 ex
903 2683 1028 2768 tripode
1051 2684 1262 2768 pronunciata
1285 2685 1443 2748 sententia

402 2808 434 2868 et
463 2804 586 2868 nullam
616 2803 838 2868 auctoritatem
868 2803 980 2867 afferat
1011 2807 1043 2867 et
1072 2803 1191 2867 nimiae
1214 2803 1373 2887 opinionis
1395 2803 1444 2867 sui

402 2921 605 2986 manifestum
618 2926 650 2986 ot
662 2922 789 2987 evidens
802 2923 1027 2987 documentum
1043 2923 1093 2987 sit.
1111 2922 1201 2998 Quod
1218 2944 1316 3007 quum
1327 2923 1443 2988 faciam

402 3050 507 3110 tamen
522 3050 570 3110 est
585 3045 620 3108 in
637 3046 744 3110 animo
759 3067 841 3129 quae
856 3049 929 3129 post
944 3045 1112 3130 repetitam
1127 3044 1258 3130 Nigrini
1274 3045 1442 3111 lectionem
1484 3097 1486 3104 .

403 3166 680 3231 animadverterim
704 3170 736 3230 et
758 3165 979 3229 annotaverim
1002 3186 1193 3251 proponere,
1228 3165 1255 3230 si
1276 3165 1358 3232 forte
1382 3166 1444 3230 cri·

376 3285 543 3349 'minibus
577 3284 770 3368 explicandis
804 3283 907 3348 officio
939 3283 1068 3347 functus
1109 3305 1175 3347 esso
1213 3283 1275 3347 dici
1313 3285 1446 3368 possim.-

404 3403 515 3469 Obiter
534 3404 686 3468 addamus
698 3403 873 3488 Nigrinum
885 3402 926 3465 ab
937 3401 1135 3466 immanuolo
1147 3401 1288 3468 Bekkero
1300 3403 1443 3488 spurium

403 3523 597 3608 judicatum,
628 3523 669 3586 ab
696 3520 809 3586 Carolo
832 3521 946 3586 Ranke
969 3522 1209 3600 addubitatum,
1232 3498 1444 3589 aWielando

403 3642 488 3706 inter
521 3641 641 3727 primos
674 3639 804 3705 Luciani
834 3640 975 3725 dialogos
1006 3646 1072 3706 esse
1093 3642 1232 3726 positum
1256 3643 1299 3729 ³),
1330 3641 1446 3726 quibus

447 3937 469 4012 ¹)
493 3937 588 4015 Symp.
612 3937 670 3995 sive
691 3937 826 4015 Lapithae
848 3937 879 3995 Ο.
905 3937 932 3999 l.

447 4040 469 4113 ρ)
492 4040 672 4116 Philopseud.
696 4041 727 4099 C.
753 4045 780 4097 6.
886 4118 890 4124 .

446 4139 469 4216 3)
492 4143 611 4212 Rnnnn,
637 4141 737 4200 Pollux
760 4149 788 4199 et
810 4143 959 4200 Lucienus.
984 4142 1208 4212 commentatio,
1235 4139 1445 4220 Quodlinburgi

403 4265 477 4303 aurio
498 4248 594 4316 1841,
614 4265 641 4322 p.
657 4248 705 4304 23.
724 4245 887 4316 Wmmnn,
908 4247 1028 4304 Lucians
1048 4265 1102 4303 von
1115 4246 1257 4303 Samosata
1271 4245 1445 4303 stmmtliohe
