3408 5180
785 531 827 598 95

286 749 365 814 mihi
397 752 564 836 perhibere
598 772 688 836 posse
721 751 830 827 videor
860 751 957 837 ipsius
994 749 1129 816 Lueiani
1163 773 1330 837 personam

284 869 376 934 nobis
387 871 513 935 fidelem
525 870 700 954 exprimere
711 869 883 954 imaginem
895 871 1049 949 rhetoris,
1064 871 1160 956 longe
1171 872 1329 956 longeque

284 984 1329 1075 festiviorisetacutiorislortassequambonaparsoeterorumerat,

286 1103 428 1174 attamen
444 1110 589 1186 rhetoris
606 1111 657 1174 eui
672 1105 868 1194 disciplinae,
885 1112 911 1176 si
928 1105 1212 1176 modo‘aoouratiue
1224 1112 1331 1196 paullo

232 1219 233 1224 ἵ
285 1233 463 1314 spectamus
483 1234 515 1293 et
537 1229 777 1314 perpendimuS‚
800 1252 856 1315 per
880 1235 981 1295 totam
1001 1231 1100 1295 vitam
1121 1231 1186 1296 lere
1208 1231 1331 1315 deditus

286 1351 364 1414 erat.
390 1347 565 1412 salsissime
587 1348 640 1412 ille
664 1348 791 1433 quidem
814 1349 909 1413 semel
934 1353 1030 1433 atque
1053 1349 1170 1413 iterum
1191 1348 1332 1413 rhetores

286 1467 473 1552 perstrinxit
506 1467 598 1531 etiam
634 1467 673 1532 iis
706 1467 823 1532 libellis
867 1468 924 1552 qui
960 1469 1056 1552 longe
1102 1467 1165 1531 alio
1200 1466 1332 1531 oonsilio

286 1586 396 1671 scripti
407 1609 472 1651 esse
484 1586 632 1651 videntur
643 1587 678 1673 1);
703 1587 770 1671 ipse
785 1591 896 1651 tamen
912 1609 1036 1672 semper
1050 1589 1185 1672 speeiem
1197 1587 1333 1652 rhetoris

287 1727 362 1790 prae
384 1728 416 1770 se
436 1705 622 1784 ferresolet;
644 1705 880 1770 dissertationes
892 1705 976 1784 eius,
992 1705 1333 1792 philosophicaeetiam

257 1824 408 1903 „tumide
439 1845 671 1909 nonnunquam
701 1825 865 1890 rhetorum
897 1847 983 1890 more
1018 1827 1215 1910 conscriptae
1239 1829 1331 1902 sunt3

288 1943 512 2009 Hermotimus
537 1950 584 2009 est
619 1945 789 2009 eiusmodi
803 1967 898 2028 quem
921 1944 1108 2010 Philostrati
1131 1947 1234 2009 instar
1261 1966 1334 2008 vere

288 2063 417 2128 nomine
448 2068 607 2149 ῥητορικῆς
638 2063 862 2148 φιλοσοφοῠσης
886 2065 1052 2150 designare
1075 2085 1199 2150 posses3
1224 2067 1256 2128 et
1280 2061 1335 2126 ad-

288 2184 419 2247 modum
447 2206 542 2248 senex
569 2185 664 2248 etiam
687 2179 809 2249 libellos
826 2184 1013 2269 conseripsit
1032 2189 1116 2249 uerte
1136 2184 1284 2248 affectato
1304 2185 1336 2245 et

290 2301 414 2365 tumido
430 2302 554 2366 dieendi
569 2323 685 2387 genere
697 2302 949 2386 aequiparandos
961 2323 1030 2367 oum
1045 2303 1084 2366 iis
1096 2325 1176 2386 quos
1188 2305 1335 2384 ἀκμάζων

288 2423 335 2486 ἔτι
370 2420 492 2504 semper
526 2421 667 2485 deridere
699 2425 732 2485 et
754 2421 919 2486 treduoere
941 2423 1065 2488 soleret.
1089 2421 1274 2507 Numquam
1299 2445 1337 2486 ex

288 2541 377 2604 omni
399 2545 489 2626 parte
512 2563 545 2605 se
562 2541 695 2605 avellere
718 2540 824 2624 potuit
843 2542 884 2606 ab
903 2546 972 2606 arte
990 2541 1149 2606 rhetorica
1169 2563 1232 2626 qua
1258 2563 1337 2626 puer

290 2659 393 2723 adhue
420 2659 563 2724 imbutus
582 2664 667 2738 erat,
691 2660 766 2724 lieet
789 2660 933 2723 omnium
956 2659 1137 2726 intentione
1160 2658 1277 2722 virium
1304 2659 1337 2721 id

288 2779 495 2846 oontenderit.
533 2780 561 2844 E
585 2779 692 2844 sohola
715 2781 823 2844 rhetor
845 2781 964 2858 evasit,
988 2778 1097 2844 rhetor
1121 2780 1257 2855 mensit3
1282 2779 1338 2842 ubi

287 2898 428 2963 rhetores
447 2899 587 2963 traducit
612 2899 647 2962 iu
674 2899 773 2982 probe
795 2899 858 2962 sibi
892 2899 1022 2984 cognita
1056 2899 1187 2983 regione
1220 2899 1338 2962 versari

289 3017 423 3082 videtur.
436 3016 614 3082 Audiamus
626 3017 728 3103 igitur
735 3017 827 3081 illum
838 3017 1003 3082 rhetorum
1016 2996 1198 3100 aequalium
1211 3019 1339 3102 propria

288 3143 320 3201 et
342 3137 422 3202 vitia
445 3141 666 3220 exponentem.

333 3257 526 3340 Eloquentia
555 3256 658 3341 qualis
681 3255 790 3320 floruit
813 3260 917 3320 aetate
948 3254 1083 3320 Luoiani
1106 3257 1202 3341 plene
1226 3257 1338 3322 similis

289 3381 336 3440 est
358 3375 436 3459 ipsis
464 3375 592 3441 Graecis
615 3375 725 3461 quales
747 3397 800 3439 eos
827 3397 863 3439 es
877 3378 981 3440 aetate
997 3375 1094 3440 fuisse
1110 3375 1338 3462 eognovimus:

288 3516 417 3577 prorsus
447 3496 670 3580 degenerarit3
702 3517 739 3560 ea
762 3495 848 3560 enim
879 3517 961 3580 quae
992 3499 1062 3560 tam
1093 3501 1162 3562 arte
1192 3501 1340 3562 contexta

291 3745 485 3758 ——-—-

332 3911 355 3983 1)
379 3907 509 3984 Quorum
543 3896 573 3968 in
607 3929 726 3970 numero
760 3917 802 3970 est
835 3910 967 3989 Juppiter
998 3910 1163 3988 Tragoedus
1185 3909 1236 3970 ubi
1257 3910 1342 3989 Jupp.

288 4011 373 4070 verbe
394 4013 594 4073 Demosthenis
616 4016 647 4073 in
669 4034 747 4074 suam
772 4035 831 4073 rem
854 4015 1005 4087 convertit,
1030 4020 1057 4073 et
1067 4015 1119 4076 Bis
1133 4020 1279 4074 aecusatus
1295 4014 1344 4073 nbi

289 4122 440 4182 Rhetorica
461 4123 578 4183 initium
600 4125 688 4183 sumit
709 4125 890 4184 auotissimo
913 4127 1031 4186 exordio
1054 4127 1193 4186 orationis
1204 4120 1274 4200 περὶ
1291 4127 1344 4184 τοῦ

290 4231 457 4306 στεφάνου.
481 4232 533 4290 Bis
555 4237 676 4292 accuset.
697 4232 728 4292 0.
754 4236 803 4294 26.
