3372 5180
807 604 847 667 27

309 822 443 906 πόλεμον
467 820 651 886 Alexandro
672 822 870 902 intulerunt,
893 823 1011 909 quippe
1036 826 1109 909 qui,
1138 828 1174 889 ut
1192 824 1348 889 Lucienus

308 940 413 1023 addit,
460 941 613 1026 magistro
642 941 784 1006 obsecuti
818 964 925 1007 rerum
965 965 1075 1008 causas
1113 944 1348 1027 cognoscerent.

308 1058 342 1122 ei
365 1063 475 1124 tamen
497 1059 580 1124 nihil
603 1059 690 1124 aliud
710 1060 787 1124 mali
813 1082 852 1124 ex
869 1061 925 1126 illa
948 1082 983 1127 re
1002 1059 1173 1126 effluxisset
1194 1082 1290 1145 quam
1313 1063 1349 1124 ut

307 1177 470 1242 fraudator
491 1200 592 1265 sagax
612 1179 667 1244 ifle
690 1179 818 1264 quidem
842 1181 974 1245 ditasset
988 1202 1021 1246 se
1032 1180 1218 1246 credulitate
1230 1182 1262 1244 et
1285 1182 1350 1244 sto·

307 1294 431 1359 liditate
453 1295 653 1380 popularium
672 1301 705 1362 et·
720 1296 931 1362 finitimarum
947 1297 1115 1363 civitatum
1130 1295 1350 1373 incolentium,

308 1419 387 1477 esset
405 1413 490 1497 quod
508 1413 762 1500 Paphlagonum,
783 1418 815 1479 et
842 1419 1018 1482 ceterorum
1039 1415 1160 1501 pingue
1182 1414 1351 1500 ingenium

308 1529 448 1595 deridere
470 1553 593 1616 posses,
618 1536 653 1596 at
675 1531 796 1596 malum
812 1531 891 1596 illud
907 1531 1004 1596 latius
1024 1531 1147 1615 serpsit.
1164 1529 1352 1596 Severianus

308 1648 437 1732 quidam
467 1650 599 1715 natione
630 1649 759 1728 Gallus,
790 1651 854 1715 dux
883 1650 1020 1735 legionis
1050 1649 1218 1714 Romanae
1241 1652 1353 1713 contra

308 1764 519 1852 Vologaesum
542 1767 735 1832 Parthorum
770 1788 876 1852 regem
898 1767 1030 1846 missus,
1064 1766 1204 1832 exercitu
1229 1765 1353 1831 devicto

309 1885 376 1970 ipse
406 1887 535 1972 sagittis
564 1888 705 1953 hostium
736 1886 901 1951 confossus
923 1889 993 1950 erat
1023 1884 1153 1970 Elegiae
1175 1884 1211 1947 in
1237 1882 1353 1968 oppido

309 2003 446 2088 quodam
469 2002 641 2068 Armeniae
653 1991 688 2088 1).
706 2001 870 2066 Profectus
887 2003 955 2065 erat
970 2000 1010 2064 ad
1025 1999 1109 2064 hane
1123 1999 1353 2086 expeditionem

311 2123 435 2186 monitu
465 2122 584 2187 oraculi
613 2120 798 2186 Alexandri.
828 2119 895 2184 Nee
925 2118 959 2182 id
984 2117 1062 2183 satis
1086 2121 1171 2195 erat,
1196 2117 1352 2202 usquein

310 2239 438 2304 Italiam
469 2240 588 2305 oraculi
621 2238 707 2304 fama
740 2237 938 2323 percrebruit
971 2240 1003 2302 et
1036 2235 1176 2301 Romani
1207 2235 1286 2319 ipsi,
1316 2239 1353 2300 ut

310 2379 432 2442 semper
454 2357 672 2442 superstitioni
690 2357 789 2422 dediti
800 2362 832 2422 et
845 2357 975 2442 «paullo
986 2355 1210 2434 infirmiores»,
1222 2354 1354 2421 festina-

310 2475 390 2569 bant
411 2475 452 2539 ad
468 2476 630 2541 oraculum
650 2475 887 2541 consulendum.
910 2475 950 2540 In
964 2475 1005 2540 iis
1020 2474 1076 2559 qui
1092 2474 1198 2539 Aboui
1214 2477 1354 2538 castrum

234 2617 236 2624 ⁴
310 2593 590 2677 proficiscebantur
623 2599 691 2659 erat
721 2596 818 2660 etiam
841 2593 1027 2659 Rutiliauus
1058 2585 1189 2679 quidam
1211 2599 1291 2678 ἀνὴρ
1314 2596 1354 2658 τὰ

310 2715 368 2795 μὲν
399 2712 482 2777 ἄλλα
505 2713 598 2789 καλὸς
630 2715 772 2794 κάγαθὸς
795 2716 847 2777 καὶ
880 2716 913 2779 ἓν
937 2710 1069 2788 πολλαῖς
1092 2713 1198 2788 τάξεσι
1225 2719 1354 2796 Ρωμαϊ-

313 2840 382 2905 nair
402 2832 616 2914 ἐξητασμένος.
629 2830 770 2895 Misellus
788 2830 842 2894 ille
853 2852 948 2895 senex
960 2829 1126 2915 sexaginta
1144 2850 1245 2894 annos
1260 2833 1356 2893 natus

312 2952 479 3032 postquam
503 2970 567 3012 uno
594 2950 626 3012 et
645 2946 744 3011 altero
764 2947 892 3011 oraculo
913 2946 952 3009 ad
973 2945 1068 3010 fidem
1087 2947 1257 3029 perductus
1276 2951 1356 3011 esset

312 3064 427 3147 petivit
446 3066 487 3130 ab
502 3064 684 3130 Alexandro
696 3069 734 3129 ut
747 3064 865 3142 filiam,
892 3062 981 3128 cuius
997 3067 1131 3128 matrem
1147 3063 1273 3128 hunam
1289 3087 1355 3129 esse

313 3181 380 3265 ipse
405 3182 585 3266 perhibuit,
609 3183 671 3247 sibi
693 3181 728 3246 in
744 3182 986 3246 matrimonium
1002 3182 1102 3248 daret.
1120 3180 1189 3257 Quo
1206 3182 1355 3266 conjugio

314 3301 456 3381 munitus
489 3296 669 3365 Alexander
702 3299 851 3364 audacius
885 3321 1008 3384 semper
1041 3320 1074 3363 se
1107 3298 1222 3383 gessit,
1256 3299 1356 3364 edidit

314 3417 439 3481 oracula
461 3415 579 3492 deine,
595 3436 676 3498 quae
693 3419 764 3478 tum
783 3436 935 3500 magnam
955 3413 1051 3479 Asiae
1067 3419 1189 3499 partem
1209 3422 1355 3496 vexaret,

313 3533 516 3617 depellenda,
540 3554 557 3596 e
579 3532 694 3616 quibus
716 3555 799 3597 unns
821 3533 1013 3612 versiculus,

426 3654 542 3739 Φοῖβος
564 3652 769 3736 ἀκερσεκόμης
792 3650 898 3735 λοιμοῦ
923 3651 1057 3735 νεφέλην
1080 3653 1225 3737 ἀπερύκει
1232 3703 1241 3733 ,

313 3767 430 3851 ubique
479 3768 643 3833 vestibulis
683 3769 855 3854 inscriptus
898 3768 1151 3855 conspiciebatur
1191 3774 1356 3853 tamquam

314 3884 513 3968 depellendae
542 3886 742 3971 pestilentiae
770 3887 954 3952 remedium.
987 3885 1027 3951 In
1049 3888 1118 3971 ipso
1141 3889 1252 3952 ardore
1281 3887 1357 3952 belli

357 4265 380 4338 1)
404 4263 462 4322 Βίο
483 4263 562 4323 Cass.
588 4263 671 4342 llltt.
695 4261 883 4321 Haaranraa.
906 4262 958 4322 l.l.
982 4261 1050 4321 Luc.
1074 4261 1155 4320 Alex.
1179 4260 1211 4319 0.
1236 4233 1285 4323 tl.
