3408 5180
887 517 928 590 82

336 800 346 812 .
386 751 508 827 ταῦτα,·
539 746 701 810 παύσασθε
733 749 923 827 κάμνοντες·
955 749 991 814 οὐ
1022 747 1081 831 γὰρ
1112 749 1155 822 εἷς
1183 750 1233 812 ἀεὶ
1256 749 1428 835 βιώσεσθε·

387 866 479 933 οὐδὲν
508 869 572 933 τῶν
605 869 748 933 ἐνταῦθα
778 871 899 949 σεμνῶν
931 866 1036 934 αι’·διόα
1066 871 1162 949 ἐστιν,
1188 867 1256 936 οὐδ’
1279 872 1320 935 ἄν
1344 874 1431 933 ἀπα·

388 993 479 1066 γάγοι
510 1012 557 1062 τις
587 989 694 1054 αὐτῶν
724 1013 754 1051 τι
785 988 841 1064 §du
872 990 957 1074 αὑτῷ
988 989 1179 1070 ἀποθανών,
1213 987 1284 1054 ἀλλ’
1307 991 1431 1071 ἀνάγκη

388 1109 484 1173 αὐτὸν
507 1111 565 1189 μὲν
588 1109 708 1190 γυμνὸν
731 1109 889 1195 οἴχεσθαι,
912 1115 970 1191 τὴν
994 1110 1099 1177 οἰκίαν
1124 1109 1157 1175 δὲ
1181 1112 1235 1174 καὶ
1258 1110 1314 1177 τὸν
1332 1109 1430 1194 ἀγρὸν

387 1232 440 1292 καὶ
473 1229 508 1293 vl
541 1231 666 1315 χρυσίον
697 1233 746 1295 ἀεὶ
777 1209 882 1296 ἄλλων
915 1225 995 1297 εἶναι
1027 1234 1080 1295 καὶ
1113 1230 1324 1320 μεταβάλλειν
1359 1233 1430 1305 τούς

388 1350 549 1425 δεσπότας.
577 1350 625 1414 Ad
638 1351 722 1435 quod
735 1350 920 1430 Mercurius,
940 1352 1007 1416 noli
1027 1352 1060 1416 id
1072 1352 1191 1432 facere,
1206 1353 1323 1438 inquit,
1336 1373 1432 1436 opera

389 1471 532 1554 impense
549 1469 634 1534 enim
650 1469 745 1554 plane
762 1470 888 1555 periret,
902 1494 976 1535 num
990 1473 1099 1557 paucis
1111 1472 1282 1536 admodum
1294 1470 1432 1555 exceptis

388 1589 497 1654 audire
520 1611 578 1653 nec
601 1571 753 1673 poterunt
776 1611 833 1654 nec
856 1589 966 1657 volent
990 1613 1026 1656 ea
1049 1613 1129 1676 quse
1153 1590 1214 1655 tibi
1237 1590 1377 1675 prolerre
1395 1589 1432 1653 in

388 1709 496 1774 sninro
529 1713 585 1773 est.
622 1706 750 1773 Charon
786 1709 943 1774 Mercurio
978 1731 1098 1776 morem
1125 1710 1209 1796 gerit
1231 1709 1350 1795 qnippe
1376 1709 1431 1794 qui

386 1830 472 1894 fastu
483 1833 515 1894 et
526 1837 691 1916 σαρκασμῷ
708 1830 803 1915 plane
822 1831 936 1896 similis
953 1831 995 1896 sit
1013 1831 1164 1895 auctoris
1180 1852 1243 1915 quo
1258 1829 1293 1894 in
1306 1850 1432 1894 scenam

389 1950 575 2035 producitur
594 1971 660 2015 non
680 1954 717 2014 ut
735 1953 825 2015 sanet
844 1954 877 2015 et
897 1951 1025 2028 relevet,
1048 1972 1159 2014 verum
1183 1953 1217 2014 ut
1240 1949 1380 2014 derideat
1400 1951 1433 2012 ot

388 2068 592 2154 perstringat.
618 2068 759 2134 Sanandi
782 2073 889 2133 autem
912 2073 944 2134 et
966 2068 1129 2134 relevandi
1154 2071 1259 2152 partes
1279 2067 1328 2130 illi
1347 2065 1432 2131 tueri

368 2192 554 2272 poterunt,
597 2189 654 2274 qui
695 2211 770 2274 perc
811 2194 939 2254 tantum
982 2189 1053 2254 vilis
1086 2187 1150 2253 cibi
1180 2187 1290 2272 plens,
1319 2185 1431 2251 baculo

389 2307 525 2390 praediti
555 2312 588 2372 ct
612 2309 735 2374 hirsuto
762 2309 899 2374 amiculo
933 2308 1030 2373 veluti
1054 2308 1346 2390 circumvagantes,
1381 2303 1432 2369 vel

388 2428 499 2494 habitu
525 2432 620 2513 etque
643 2430 761 2494 vestitu
774 2424 797 2517 ¹)
822 2429 936 2494 diserte
960 2428 1162 2493 ostenderent
1184 2426 1246 2491 sibi
1268 2425 1350 2490 nihil
1366 2445 1432 2490 esse

388 2569 555 2612 commuue
578 2569 649 2612 cum
673 2547 771 2612 effusa
794 2544 958 2632 voluptate
984 2552 1080 2632 utque
1103 2545 1263 2611 dissolutis
1290 2545 1432 2609 moribus

319 2701 321 2705 ·
389 2665 590 2749 aequalium3.
610 2665 750 2730 Lucieno
774 2688 849 2731 vero
872 2667 966 2751 plsne
989 2667 1096 2730 deerat
1115 2665 1226 2730 firmus
1253 2663 1308 2729 ille
1322 2663 1432 2727 enimi

389 2783 481 2867 vigor
503 2788 535 2848 et
558 2805 666 2848 severe
688 2786 829 2870 gravitas
852 2808 915 2870 qua
938 2807 1003 2849 unu
1026 2785 1154 2868 soleque
1177 2784 1211 2847 in
1235 2783 1290 2848 illo
1305 2782 1434 2868 gurgite

318 2965 319 2970 ,
388 2901 558 2965 libidinum
580 2907 677 2987 'atquc
707 2903 870 2988 nequitiae
893 2925 1053 2989 emergere
1074 2907 1189 2988 posset.
1213 2902 1305 2979 Quod
1326 2905 1433 2986 ipsum

298 3039 301 3044 ’
386 3021 485 3104 probe
519 3021 659 3086 sentiens
693 3044 725 3087 se
756 3022 957 3106 potissimum
982 3044 1001 3085 a
1025 3020 1152 3105 Cynicis
1176 3022 1242 3106 peti
1266 3021 1431 3106 intelligit,

386 3139 442 3223 qui
458 3140 507 3204 vel
524 3162 559 3204 eo
575 3141 717 3205 nomime
728 3144 890 3205 accusator
901 3162 994 3205 verus
1006 3161 1072 3204 csse
1084 3161 1151 3204 non
1164 3138 1265 3223 possit
1277 3139 1430 3224 quoniam

386 3259 545 3341 permulta
567 3260 633 3325 sint
655 3261 789 3325 crimina
812 3260 977 3345 quaesibi
1001 3275 1073 3325 oum
1095 3258 1136 3323 iis
1159 3280 1239 3343 quos
1261 3279 1331 3322 reos
1354 3260 1430 3342 aget

387 3380 568 3444 communie
591 3381 671 3456 sint;
694 3382 813 3445 etenim
836 3384 957 3465 quanto
974 3383 1102 3444 strenue
1117 3378 1241 3463 agendo
1257 3378 1327 3442 aliis
1343 3377 1429 3442 vium

387 3500 511 3563 munire
534 3503 566 3563 et
585 3499 672 3563 vitae
690 3498 789 3563 felicis
813 3502 979 3583 praecepta
995 3498 1120 3562 tradere
1145 3497 1258 3562 melius
1269 3500 1317 3562 est
1332 3518 1428 3581 quem

385 3617 565 3701 improbare
587 3641 669 3704 quae
697 3623 821 3684 mutere
843 3639 902 3683 nec
934 3618 1010 3683 velis
1036 3639 1096 3681 nec
1122 3617 1234 3702 possis,
1253 3619 1345 3682 tanto
1356 3616 1428 3701 plus

391 3849 573 3864 *—

344 4111 348 4117 ³
428 4020 451 4106 ¹)
473 4031 517 4088 De
537 4030 636 4087 habitu
659 4035 687 4088 et
705 4031 807 4088 vestitu
830 4030 999 4106 Cynicorum
1022 4029 1188 4106 el.Epictet.
1212 4027 1268 4087 ΙΙΙ.
1282 4029 1332 4087 22.
1357 4027 1424 4086 Iure.

384 4132 510 4191 Piscator
530 4133 563 4190 G.
588 4136 637 4191 45.
660 4133 791 4210 Cataplus
813 4134 845 4192 Ο.
861 4135 909 4203 19,
933 4133 969 4191 de
991 4139 1081 4191 morte
1105 4133 1248 4210 Peregrini
1268 4132 1303 4191 G.
1330 4133 1380 4190 15.
1400 4138 1428 4190 ct

387 4236 456 4294 alibi
486 4235 599 4316 passim.
