3408 5180
891 526 932 590 88

388 745 471 812 Tum
494 748 529 812 in
553 745 735 834 Alexandro
754 743 807 809 nbi
819 747 999 809 recensetur
1010 766 1103 829 snper
1114 766 1193 829 quos
1204 743 1435 830 perditissimos

388 865 532 930 homines
554 870 572 932 ό
595 866 807 950 ψευδόμαντις
829 865 925 949 longe
943 847 1220 948 longeque'etiam
1244 862 1434 939 eminuerit,

387 985 422 1050 iu
456 1007 564 1050 eorum
598 1007 731 1052 numero
755 989 802 1050 est
836 985 933 1049 etiarn
967 983 1137 1050 Sostratus.
1165 985 1189 1069 ¹)
1226 981 1271 1046 At
1298 1004 1373 1046 vero
1397 981 1436 1046 de

387 1105 487 1181 libr0‚
511 1126 574 1188 quo
589 1103 725 1170 Sostrati
742 1102 892 1167 immanis
916 1101 1104 1187 magnitudo
1125 1106 1157 1166 et
1178 1123 1266 1164 mora
1282 1100 1342 1166 snb
1361 1100 1435 1164 divo

388 1223 424 1287 in
447 1221 602 1288 Parnasso
626 1222 651 1308 ⁹)
676 1225 708 1286 et
730 1220 852 1305 reliqna
868 1221 996 1286 modum
1013 1219 1195 1310 excedentia
1211 1218 1296 1284 facta
1314 1240 1435 1283 memo-

390 1345 503 1405 rantur
527 1340 695 1425 vestigium
719 1344 861 1425 superesi
883 1361 986 1424 neque
1009 1339 1093 1423 apud
1118 1338 1312 1417 humanum,
1332 1359 1436 1422 neque

392 1459 476 1544 apud
499 1458 645 1543 reliquos.
677 1457 745 1522 Nec
767 1456 859 1522 facile
889 1457 1076 1541 quisquam,
1108 1457 1217 1535 crede,
1245 1455 1301 1540 qui
1328 1455 1435 1540 paullo

391 1574 577 1658 diligentius
621 1575 797 1640 Lucienum
846 1575 1055 1654 lectitarent,
1102 1575 1242 1660 eiusque¹
1268 1596 1369 1640 mores
1404 1577 1437 1638 et

392 1693 549 1759 scribendi
577 1692 734 1757 rationem
766 1693 928 1777 cognitam
958 1693 1093 1773 habeat,
1121 1694 1249 1779 putabit
1281 1693 1436 1758 eiusmodi

391 1812 533 1878 libellum
557 1833 576 1874 a
598 1809 739 1875 Lucieno
763 1809 919 1874 conscribi
942 1810 1094 1894 potuisse,
1119 1811 1236 1895 quippe
1263 1811 1318 1897 qui
1340 1813 1436 1896 plone

391 1930 432 1996 ab
464 1931 530 1994 eius
560 1928 691 2010 ingenio
726 1931 806 1993 esset
840 1929 972 1994 alienus
1005 1930 1094 2005 Quod
1128 1952 1227 2014 aeque
1260 1935 1307 1994 sta
1290 1934 1436 1996 atuamus

391 2072 516 2117 necesse
561 2048 687 2114 estin
729 2047 916 2113 Demonact'
893 2053 935 2114 trs
976 2050 1051 2114 vita.
1095 2049 1163 2124 Quo
1201 2057 1270 2116 erat
1304 2050 1436 2136 ingenio

392 2171 524 2236 minime
545 2168 581 2232 in
596 2167 686 2231 illum
702 2166 787 2232 cadit
808 2167 918 2232 docere
934 2170 1014 2234 velle
1034 2172 1290 2258 generosissimos
1304 2173 1437 2257 juvenes

392 2288 447 2375 qui
481 2287 522 2352 ad
551 2285 785 2372 philosophiam
816 2285 960 2349 animum
997 2286 1179 2371 appellunt,
1204 2310 1269 2351 non
1303 2287 1438 2373 antique

391 2411 518 2472 tantum
542 2405 736 2490 exemplaria
759 2405 896 2490 adquae
918 2427 951 2470 se
966 2410 1160 2489 componant
1182 2406 1243 2470 sibi
1262 2429 1438 2492 proponere

392 2527 445 2592 sed
476 2527 572 2590 etiem
605 2526 830 2589 Demonactem
860 2525 1022 2609 aequalem
1054 2549 1252 2611 summopere
1275 2549 1341 2593 esse
1363 2529 1437 2592 irni-

391 2647 535 2710 tendum.
566 2643 591 2730 3)
623 2644 697 2708 Non
719 2643 823 2709 hercle
846 2644 895 2707 illi
917 2639 986 2709 e'rat
1009 2649 1205 2732 propositum
1233 2648 1379 2732 aequales
1406 2652 1438 2712 et

391 2764 577 2851 praesertim
596 2763 878 2848 «generosissimos
887 2763 1045 2847 juvenes»
1065 2804 1105 2814 —
1120 2765 1288 2849 deprendis
1300 2767 1438 2831 ludima-

390 2887 527 2974 gistrum
559 2889 597 2949 ἐπ
627 2887 797 2971 αὐτοφώρῳ
831 2923 865 2932 -
893 2885 1020 2963 docere,
1051 2877 1179 2964 verum,
1208 2887 1308 2952 multo
1335 2888 1438 2973 magis

391 3027 444 3071 eos
467 3004 612 3072 vellicare
635 3004 736 3089 iis‘qne
758 3004 919 3069 illudendo
940 3008 972 3069 et
987 3005 1156 3069 deridendo
1173 3007 1337 3071 ostendere
1357 3029 1437 3092 quae

390 3125 566 3210 sequenda,
600 3145 720 3208 quaeve
753 3123 905 3208 fugiendo
936 3123 997 3188 sibi
1032 3125 1223 3189 viderentur.
1259 3125 1437 3190 Identidem

390 3243 595 3310 Demonactis
629 3244 729 3308 vitam
763 3245 882 3329 legenti
917 3247 950 3307 et
983 3243 1136 3328 relegenti
1172 3244 1301 3329 eiusque
1338 3246 1437 3310 libelli

391 3364 652 3450 compositionem
687 3387 759 3429 cum
794 3363 988 3448 reliquorum
1022 3365 1224 3448 comparanti
1259 3365 1374 3428 elarius
1405 3370 1437 3430 et

391 3485 569 3550 evidentius
599 3483 792 3568 perspexisse
816 3483 895 3546 mihi
927 3483 1056 3547 videbar
1086 3505 1152 3548 esse
1179 3485 1434 3572 ὑποβεβλημένου

391 3609 422 3669 et
445 3603 586 3668 Luciano
610 3602 868 3688 abjudicandum.
892 3602 918 3688 ⁴)

435 3914 458 4000 ¹)
481 3926 574 3985 Anax.
597 3925 629 3985 O
654 3935 683 3985 4.

434 4025 458 4106 2)
482 4031 637 4090 Demonax.
661 4029 693 4090 O.
720 4033 747 4089 l

448 4135 523 4212 l

433 4230 457 4316 4)
480 4177 665 4298 Demonactis
691 4240 749 4298 vita
777 4238 878 4313 rejecta
908 4243 950 4295 est
976 4257 992 4295 a
1022 4239 1181 4310 Bouiano,
1215 4241 1261 4297 cui
1283 4242 1434 4298 assentitur
