3408 5180
832 525 894 590 106

341 767 414 809 eum
448 743 576 818 miselle,
593 745 700 808 sutore
726 743 820 827 juxta
838 741 996 808 assidente
1017 743 1159 814 locutum
1185 764 1253 808 esse
1273 743 1389 830 fingit,

340 867 509 930 cornutum
533 885 628 948 quem
652 867 768 928 vocant
791 863 1028 948 syllogismum,
1052 863 1175 930 recitat.
1200 865 1224 944 1)

384 983 495 1068 Neque
511 988 559 1048 est
574 983 659 1068 quod
675 983 767 1048 valde
782 983 934 1048 miremur
950 983 1123 1048 rhetoricas
1135 983 1213 1048 istas
1225 983 1389 1067 captiones

341 1108 373 1170 et
403 1106 578 1186 σοφίσματα
608 1125 645 1167 ea
674 1103 860 1186 praesertim
891 1107 995 1169 aetate
1025 1105 1060 1168 in
1089 1105 1210 1169 honore
1236 1104 1333 1168 fuisse
1356 1107 1389 1168 et

340 1224 478 1290 studiose
497 1245 563 1287 esse
580 1226 732 1306 usurpata
752 1222 792 1286 ab
813 1222 961 1286 omnibus
980 1223 1036 1308 qui
1055 1223 1180 1288 ooneiso
1199 1222 1254 1286 illo
1277 1222 1386 1306 dispu-

340 1341 432 1406 tandi
458 1363 574 1427 genere
597 1341 717 1405 levium
740 1345 773 1405 et
795 1362 908 1425 parum
931 1340 1183 1425 intelligentium
1206 1340 1387 1406 auditorum

339 1481 431 1524 aures
462 1464 494 1524 et
523 1481 633 1524 sensus
663 1458 897 1543 praestringere
926 1462 959 1524 et
986 1451 1135 1523 ohturare
1158 1459 1286 1523 vellent.
1311 1458 1386 1524 Jam

341 1584 510 1664 Μεγαρικὰ
528 1569 595 1644 'illa
627 1583 807 1664 ἐρωτήματα
837 1578 1003 1662 paullatim
1034 1556 1216 1643 introducta
1238 1578 1387 1643 orantia
1442 1649 1443 1653 ,
1520 1629 1522 1632 -

340 1721 540 1765 communem
571 1721 663 1763 usum
698 1699 992 1783 philosophantium
1024 1722 1096 1764 oum
1128 1699 1211 1783 apud
1244 1699 1388 1764 Euclidis

340 1820 500 1905 aequiores
530 1827 550 1904 η’
581 1824 714 1904 &prorant
744 1820 780 1904 in
803 1819 924 1884 honore
953 1841 1019 1884 esse
1041 1819 1193 1902 coepisset
1216 1822 1249 1882 et
1271 1819 1388 1904 placita

342 1939 536 2004 defecissent.
564 1941 589 2026 2)
612 1938 834 2030 Avideautem
857 1939 1021 2004 semidocti
1046 1938 1232 2022 plerumque
1253 1938 1389 2003 Luoiani

340 2059 485 2143 aequales
507 2059 648 2123 rhetores
671 2063 703 2123 et
726 2059 885 2142 sophistae
900 2058 1064 2143 plumbeos
1082 2058 1153 2122 illos
1168 2058 1291 2143 gladios
1309 2058 1391 2122 arri-·

339 2179 471 2272 piabant
494 2179 608 2264 quibus
628 2178 712 2244 inter
735 2201 768 2242 se
787 2178 901 2244 aeriter
921 2179 1040 2262 proelia
1059 2178 1238 2242 miscerent.
1263 2171 1289 2264 3)
1312 2177 1388 2242 Non

339 2299 479 2364 'arbitror
510 2299 685 2385 quidquam
714 2321 779 2364 esse
811 2300 916 2364 verius
947 2298 1042 2371 simul
1073 2302 1105 2363 et
1135 2298 1238 2363 acrius
1266 2299 1387 2364 dietum

340 2418 375 2482 iu
383 2441 510 2483 omnem
519 2419 617 2484 istum
629 2419 939 2503 importunissimum
948 2439 1076 2503 gregem
1089 2417 1271 2502 ineptorum
1280 2423 1312 2484 ot
1321 2441 1387 2482 me·

339 2537 487 2603 diocriter
506 2538 670 2602 doctorum
692 2543 854 2602 oratorum
874 2541 907 2602 et
928 2537 1140 2621 sophistarum
1152 2559 1247 2621 quam
1260 2537 1386 2613 Quinti-

338 2655 418 2719 liani
441 2655 538 2720 verba
548 2703 557 2732 ‚
568 2655 684 2739 quibus
696 2656 866 2740 propositis
881 2678 933 2720 eos
946 2678 1056 2721 omnes
1076 2657 1179 2722 valere
1191 2657 1385 2742 jubebimus:

294 2838 295 2841 ,
343 2775 451 2840 «Tam
480 2776 724 2840 contumeliosos
754 2775 790 2839 in
824 2798 856 2840 se
887 2777 971 2840 ridet
1002 2777 1149 2841 'invioem
1184 2777 1386 2861 eloquentia,
1413 2855 1415 2859 ,

346 2898 403 2958 «et
435 2893 501 2978 'qui
537 2893 642 2958 stultis
674 2891 774 2958 videri
809 2894 925 2959 eruditi
964 2895 1092 2972 volunt,
1121 2895 1218 2960 ,stulti
1255 2897 1387 2962 eruditis
1491 2903 1493 2908 '

349 3039 364 3074 ι
373 3011 586 3098 judicantur.»
616 3012 690 3099 (Lib
721 3014 761 3079 X.
793 3013 823 3080 7.
850 3015 914 3098 21.)

760 3200 964 3218 ...μήὸ-ιι

348 3377 539 3387 *—

385 3503 411 3582 1)
431 3506 473 3566 or.
496 3505 555 3566 111.
579 3506 663 3565 Aust.
687 3505 719 3566 o.
744 3508 794 3565 aa.
818 3489 912 3582 eym‘p.
937 3505 969 3564 o.
993 3508 1042 3565 aa.
1066 3507 1165 3565 Gallus
1187 3505 1219 3565 o.
1243 3508 1292 3564 11.

387 3600 562 3686 2)Ζ111,1,1111,
586 3610 632 3680 H,
657 3612 689 3680 1,
713 3629 742 3686 p.
766 3611 838 3668 225.

383 3726 406 3799 3)
430 3723 472 3781 Cf.
500 3719 617 3778 omnino
636 3721 672 3778 de
696 3719 883 3797 syllogismis,
909 3710 1015 3798 (λόγον
1044 3711 1176 3798 ἐρωτᾶν)
1191 3718 1276 3796 Diog.
1293 3717 1387 3775 Laert.

341 3827 388 3896 II,
414 3827 485 3882 108.
509 3823 579 3898 (Vit.
605 3825 680 3882 Auot
714 3826 752 3880 22
777 3826 850 3900 sqq.)
876 3822 934 3880 Cio.
959 3823 1046 3882 head.
1071 3823 1114 3892 II,
1143 3827 1197 3892 29,
1217 3825 1266 3880 95.
1290 3821 1386 3879 Senes.

341 3930 393 4006 Ep.
424 3927 510 4005 salt.
538 3926 612 3986 Gell.
643 3927 728 3996 XVI,
761 3929 796 3996 2,
830 3932 856 3985 9.
888 3926 958 3985 Ηο1.
987 3927 1039 4002 up.
1062 3924 1108 3997 ll,
1133 3930 1147 3983 1
1174 3929 1224 3985 45.
1253 3925 1388 4001 Lepidius

341 4034 458 4091 fortasse
491 4049 575 4108 quam
609 4031 701 4098 verius
735 4037 829 4088 narrat
869 4029 1029 4087 Athenaeus
1062 4030 1201 4088 Philotam
1237 4028 1387 4105 quemdam

342 4155 430 4193 unum
443 4155 477 4194 ex
491 4136 527 4193 iis
545 4134 716 4213 syllogismis
737 4135 844 4192 solvere
861 4133 1003 4190 volentem
1015 4139 1072 4191 tarn
1089 4134 1139 4191 diu
1151 4139 1265 4209 tamque
1279 4132 1388 4189 intente

342 4240 484 4299 laborasse
506 4246 538 4298 ut
559 4240 633 4298 inter
658 4239 782 4296 laborem
804 4239 896 4315 ipsum
916 4244 1071 4296 moreretur
1093 4238 1196 4296 Athen.
1221 4240 1254 4306 9,
1279 4237 1349 4293 sol.
