<?xml version="1.0" encoding="UTF-8"?>
<!DOCTYPE html PUBLIC "-//W3C//DTD XHTML 1.0 Transitional//EN"
    "http://www.w3.org/TR/xhtml1/DTD/xhtml1-transitional.dtd">
<html xmlns="http://www.w3.org/1999/xhtml" xml:lang="en" lang="en">
 <head>
  <title>
</title>
<meta http-equiv="Content-Type" content="text/html;charset=utf-8" />
  <meta name='ocr-system' content='tesseract 3.04.00' />
  <meta name='ocr-capabilities' content='ocr_page ocr_carea ocr_par ocr_line ocrx_word'/>
</head>
<body>
  <div class='ocr_page' id='page_1' title='image "./delucianoaequal00marggoog/delucianoaequal00marggoog_0104.png"; bbox 0 0 3408 5180; ppageno 0'>
   <div class='ocr_carea' id='block_1_1' title="bbox 785 547 825 610">
    <p class='ocr_par' dir='ltr' id='par_1_1' title="bbox 785 547 825 610">
     <span class='ocr_line' id='line_1_1' title="bbox 785 547 825 610; baseline 0 0"><span class='ocrx_word' id='word_1_1' title='bbox 785 547 825 610; x_wconf 84' lang='lat'>87</span> 
     </span>
    </p>
   </div>
   <div class='ocr_carea' id='block_1_2' title="bbox 263 747 1327 3488">
    <p class='ocr_par' dir='ltr' id='par_1_2' title="bbox 275 747 1327 2032">
     <span class='ocr_line' id='line_1_2' title="bbox 280 747 1327 854; baseline 0.007 -25"><span class='ocrx_word' id='word_1_2' title='bbox 280 765 401 830; x_wconf 85' lang='lat' dir='ltr'>dicens:</span> <span class='ocrx_word' id='word_1_3' title='bbox 414 770 543 847; x_wconf 76' lang='grc' dir='ltr'><strong><em>ἀμεινόα</em></strong></span> <span class='ocrx_word' id='word_1_4' title='bbox 561 770 623 830; x_wconf 77' lang='grc' dir='ltr'><em>ἐστι</em></span> <span class='ocrx_word' id='word_1_5' title='bbox 640 775 684 851; x_wconf 77' lang='grc' dir='ltr'>τῷ</span> <span class='ocrx_word' id='word_1_6' title='bbox 695 747 915 842; x_wconf 65' lang='lat' dir='ltr'>Bruttiano}</span> <span class='ocrx_word' id='word_1_7' title='bbox 925 776 1148 852; x_wconf 76' lang='grc' dir='ltr'><strong><em>σπαραχθῆναι</em></strong></span> <span class='ocrx_word' id='word_1_8' title='bbox 1158 769 1209 839; x_wconf 80' lang='grc' dir='ltr'>ὑπ’</span> <span class='ocrx_word' id='word_1_9' title='bbox 1223 775 1295 852; x_wconf 76' lang='grc' dir='ltr'>ἐμοῦ</span> <span class='ocrx_word' id='word_1_10' title='bbox 1307 793 1327 854; x_wconf 82' lang='grc' dir='ltr'><em>η</em></span> 
     </span>
     <span class='ocr_line' id='line_1_3' title="bbox 279 884 1325 972; baseline 0.003 -23"><span class='ocrx_word' id='word_1_11' title='bbox 279 887 339 949; x_wconf 79' lang='grc' dir='ltr'>ὑπὸ</span> <span class='ocrx_word' id='word_1_12' title='bbox 363 895 416 950; x_wconf 78' lang='grc' dir='ltr'>σοῦ</span> <span class='ocrx_word' id='word_1_13' title='bbox 441 885 593 960; x_wconf 82' lang='grc' dir='ltr'><strong><em>πολλάκις</em></strong></span> <span class='ocrx_word' id='word_1_14' title='bbox 617 887 652 972; x_wconf 85' lang='grc'>1).</span> <span class='ocrx_word' id='word_1_15' title='bbox 677 886 764 950; x_wconf 85' lang='lat' dir='ltr'>Idem</span> <span class='ocrx_word' id='word_1_16' title='bbox 782 884 963 950; x_wconf 86' lang='lat' dir='ltr'>Demetrius</span> <span class='ocrx_word' id='word_1_17' title='bbox 979 907 998 949; x_wconf 89' lang='lat' dir='ltr'>a</span> <span class='ocrx_word' id='word_1_18' title='bbox 1013 886 1123 950; x_wconf 87' lang='lat' dir='ltr'>ceteris</span> <span class='ocrx_word' id='word_1_19' title='bbox 1139 888 1325 971; x_wconf 83' lang='lat' dir='ltr'>aequalibus</span> 
     </span>
     <span class='ocr_line' id='line_1_4' title="bbox 280 1004 1324 1090; baseline 0.002 -21"><span class='ocrx_word' id='word_1_20' title='bbox 280 1005 485 1089; x_wconf 72' lang='lat' dir='ltr'>scriptoribus</span> <span class='ocrx_word' id='word_1_21' title='bbox 509 1010 674 1090; x_wconf 88' lang='lat' dir='ltr'>tamquam</span> <span class='ocrx_word' id='word_1_22' title='bbox 704 1004 845 1090; x_wconf 87' lang='lat' dir='ltr'>integer,</span> <span class='ocrx_word' id='word_1_23' title='bbox 876 1026 1006 1089; x_wconf 83' lang='lat' dir='ltr'>parcus,</span> <span class='ocrx_word' id='word_1_24' title='bbox 1038 1004 1201 1070; x_wconf 70' lang='lat' dir='ltr'>abstinens</span> <span class='ocrx_word' id='word_1_25' title='bbox 1234 1007 1324 1071; x_wconf 86' lang='lat' dir='ltr'>nobis</span> 
     </span>
     <span class='ocr_line' id='line_1_5' title="bbox 278 1121 1322 1210; baseline 0 -22"><span class='ocrx_word' id='word_1_26' title='bbox 278 1124 480 1210; x_wconf 76' lang='lat' dir='ltr'>depingitur,</span> <span class='ocrx_word' id='word_1_27' title='bbox 504 1124 638 1188; x_wconf 91' lang='lat' dir='ltr'>intimus</span> <span class='ocrx_word' id='word_1_28' title='bbox 660 1124 781 1188; x_wconf 88' lang='lat' dir='ltr'>amicus</span> <span class='ocrx_word' id='word_1_29' title='bbox 813 1121 949 1188; x_wconf 81' lang='lat' dir='ltr'>Senecae</span> <span class='ocrx_word' id='word_1_30' title='bbox 972 1136 1005 1187; x_wconf 87' lang='lat' dir='ltr'>et</span> <span class='ocrx_word' id='word_1_31' title='bbox 1027 1124 1183 1188; x_wconf 83' lang='lat' dir='ltr'>Thraseae</span> <span class='ocrx_word' id='word_1_32' title='bbox 1213 1123 1322 1202; x_wconf 83' lang='lat' dir='ltr'>Paeti,</span> 
     </span>
     <span class='ocr_line' id='line_1_6' title="bbox 278 1243 1320 1329; baseline 0.001 -21"><span class='ocrx_word' id='word_1_33' title='bbox 278 1245 318 1308; x_wconf 92' lang='lat' dir='ltr'>ob</span> <span class='ocrx_word' id='word_1_34' title='bbox 334 1243 468 1308; x_wconf 88' lang='lat' dir='ltr'>nimiam</span> <span class='ocrx_word' id='word_1_35' title='bbox 483 1243 634 1329; x_wconf 90' lang='lat' dir='ltr'>loquendi</span> <span class='ocrx_word' id='word_1_36' title='bbox 649 1243 890 1329; x_wconf 85' lang='lat' dir='ltr'>protervitatem</span> <span class='ocrx_word' id='word_1_37' title='bbox 907 1265 925 1306; x_wconf 90' lang='lat' dir='ltr'>a</span> <span class='ocrx_word' id='word_1_38' title='bbox 943 1244 1140 1329; x_wconf 87' lang='lat' dir='ltr'>Vespasiano</span> <span class='ocrx_word' id='word_1_39' title='bbox 1156 1245 1320 1329; x_wconf 82' lang='lat' dir='ltr'>expulsus3</span> 
     </span>
     <span class='ocr_line' id='line_1_7' title="bbox 278 1349 1322 1449; baseline 0.001 -21"><span class='ocrx_word' id='word_1_40' title='bbox 278 1369 346 1430; x_wconf 89' lang='lat' dir='ltr'>erat</span> <span class='ocrx_word' id='word_1_41' title='bbox 367 1363 468 1449; x_wconf 83' lang='lat' dir='ltr'>igitur</span> <span class='ocrx_word' id='word_1_42' title='bbox 491 1363 545 1428; x_wconf 93' lang='lat' dir='ltr'>illo</span> <span class='ocrx_word' id='word_1_43' title='bbox 569 1368 711 1448; x_wconf 88' lang='lat' dir='ltr'>tempore</span> <span class='ocrx_word' id='word_1_44' title='bbox 735 1363 785 1428; x_wconf 88' lang='lat' dir='ltr'>vir</span> <span class='ocrx_word' id='word_1_45' title='bbox 803 1349 952 1428; x_wconf 86' lang='lat' dir='ltr'>omnibns</span> <span class='ocrx_word' id='word_1_46' title='bbox 965 1368 1077 1442; x_wconf 77' lang='lat' dir='ltr'>notua,</span> <span class='ocrx_word' id='word_1_47' title='bbox 1091 1364 1200 1428; x_wconf 87' lang='lat' dir='ltr'>multis</span> <span class='ocrx_word' id='word_1_48' title='bbox 1213 1387 1322 1444; x_wconf 87' lang='lat' dir='ltr'>carus,</span> 
     </span>
     <span class='ocr_line' id='line_1_8' title="bbox 277 1484 1323 1571; baseline 0 -23"><span class='ocrx_word' id='word_1_49' title='bbox 277 1484 361 1568; x_wconf 90' lang='lat' dir='ltr'>quod</span> <span class='ocrx_word' id='word_1_50' title='bbox 384 1484 411 1548; x_wconf 92' lang='lat' dir='ltr'>si</span> <span class='ocrx_word' id='word_1_51' title='bbox 435 1488 637 1568; x_wconf 83' lang='lat' dir='ltr'>reputamus,</span> <span class='ocrx_word' id='word_1_52' title='bbox 660 1484 789 1568; x_wconf 90' lang='lat' dir='ltr'>eiusque</span> <span class='ocrx_word' id='word_1_53' title='bbox 814 1484 1042 1549; x_wconf 87' lang='lat' dir='ltr'>abstinentiam</span> <span class='ocrx_word' id='word_1_54' title='bbox 1059 1487 1091 1548; x_wconf 89' lang='lat' dir='ltr'>et</span> <span class='ocrx_word' id='word_1_55' title='bbox 1105 1485 1323 1571; x_wconf 82' lang='lat' dir='ltr'>frugalitatem</span> 
     </span>
     <span class='ocr_line' id='line_1_9' title="bbox 276 1603 1323 1690; baseline 0.001 -23"><span class='ocrx_word' id='word_1_56' title='bbox 276 1603 446 1688; x_wconf 86' lang='lat' dir='ltr'>diligenter</span> <span class='ocrx_word' id='word_1_57' title='bbox 461 1603 674 1690; x_wconf 86' lang='lat' dir='ltr'>attendimus,</span> <span class='ocrx_word' id='word_1_58' title='bbox 690 1605 743 1669; x_wconf 91' lang='lat' dir='ltr'>illa</span> <span class='ocrx_word' id='word_1_59' title='bbox 762 1603 866 1669; x_wconf 88' lang='lat' dir='ltr'>hercle</span> <span class='ocrx_word' id='word_1_60' title='bbox 882 1604 999 1689; x_wconf 85' lang='lat' dir='ltr'>dignus</span> <span class='ocrx_word' id='word_1_61' title='bbox 1017 1603 1080 1668; x_wconf 88' lang='lat' dir='ltr'>fuit</span> <span class='ocrx_word' id='word_1_62' title='bbox 1094 1604 1147 1668; x_wconf 90' lang='lat' dir='ltr'>cni</span> <span class='ocrx_word' id='word_1_63' title='bbox 1163 1604 1323 1668; x_wconf 83' lang='lat' dir='ltr'>Lucienus</span> 
     </span>
     <span class='ocr_line' id='line_1_10' title="bbox 275 1723 1321 1809; baseline 0.002 -23"><span class='ocrx_word' id='word_1_64' title='bbox 275 1723 458 1808; x_wconf 87' lang='lat' dir='ltr'>plusquam</span> <span class='ocrx_word' id='word_1_65' title='bbox 478 1745 616 1808; x_wconf 89' lang='lat' dir='ltr'>sparsam</span> <span class='ocrx_word' id='word_1_66' title='bbox 640 1724 834 1788; x_wconf 88' lang='lat' dir='ltr'>mentionem</span> <span class='ocrx_word' id='word_1_67' title='bbox 851 1724 1016 1801; x_wconf 80' lang='lat' dir='ltr'>tribuerit,</span> <span class='ocrx_word' id='word_1_68' title='bbox 1032 1725 1218 1809; x_wconf 89' lang='lat' dir='ltr'>praesertim</span> <span class='ocrx_word' id='word_1_69' title='bbox 1230 1747 1321 1802; x_wconf 88' lang='lat' dir='ltr'>cum,</span> 
     </span>
     <span class='ocr_line' id='line_1_11' title="bbox 275 1845 1323 1933; baseline 0.002 -24"><span class='ocrx_word' id='word_1_70' title='bbox 275 1845 302 1909; x_wconf 91' lang='lat' dir='ltr'>si</span> <span class='ocrx_word' id='word_1_71' title='bbox 325 1846 441 1910; x_wconf 89' lang='lat' dir='ltr'>detali</span> <span class='ocrx_word' id='word_1_72' title='bbox 463 1845 531 1909; x_wconf 89' lang='lat' dir='ltr'>viro</span> <span class='ocrx_word' id='word_1_73' title='bbox 553 1846 679 1931; x_wconf 83' lang='lat' dir='ltr'>agitur,</span> <span class='ocrx_word' id='word_1_74' title='bbox 704 1852 758 1931; x_wconf 91' lang='lat' dir='ltr'>qni</span> <span class='ocrx_word' id='word_1_75' title='bbox 779 1868 844 1911; x_wconf 93' lang='lat' dir='ltr'>non</span> <span class='ocrx_word' id='word_1_76' title='bbox 867 1847 978 1912; x_wconf 91' lang='lat' dir='ltr'>laudat</span> <span class='ocrx_word' id='word_1_77' title='bbox 1001 1870 1090 1933; x_wconf 89' lang='lat' dir='ltr'>saepe</span> <span class='ocrx_word' id='word_1_78' title='bbox 1113 1848 1323 1932; x_wconf 88' lang='lat' dir='ltr'>vituperatori</span> 
     </span>
     <span class='ocr_line' id='line_1_12' title="bbox 275 1965 944 2032; baseline 0.004 -3"><span class='ocrx_word' id='word_1_79' title='bbox 275 1969 308 2029; x_wconf 92' lang='lat' dir='ltr'>et</span> <span class='ocrx_word' id='word_1_80' title='bbox 330 1965 538 2029; x_wconf 81' lang='lat' dir='ltr'>obtrectatori</span> <span class='ocrx_word' id='word_1_81' title='bbox 562 1965 676 2030; x_wconf 87' lang='lat' dir='ltr'>similis</span> <span class='ocrx_word' id='word_1_82' title='bbox 699 1965 864 2032; x_wconf 89' lang='lat' dir='ltr'>habendus</span> <span class='ocrx_word' id='word_1_83' title='bbox 887 1973 944 2032; x_wconf 89' lang='lat' dir='ltr'>est.</span> 
     </span>
    </p>

    <p class='ocr_par' dir='ltr' id='par_1_3' title="bbox 263 2083 1322 3488">
     <span class='ocr_line' id='line_1_13' title="bbox 316 2083 1319 2171; baseline 0.003 -24"><span class='ocrx_word' id='word_1_84' title='bbox 316 2084 390 2148; x_wconf 88' lang='lat' dir='ltr'>Jam</span> <span class='ocrx_word' id='word_1_85' title='bbox 414 2084 558 2148; x_wconf 87' lang='lat' dir='ltr'>venimus</span> <span class='ocrx_word' id='word_1_86' title='bbox 580 2083 619 2148; x_wconf 85' lang='lat' dir='ltr'>ad</span> <span class='ocrx_word' id='word_1_87' title='bbox 638 2085 849 2150; x_wconf 84' lang='lat' dir='ltr'>¹Demonactia</span> <span class='ocrx_word' id='word_1_88' title='bbox 876 2086 978 2171; x_wconf 88' lang='lat' dir='ltr'>vitam</span> <span class='ocrx_word' id='word_1_89' title='bbox 1001 2087 1035 2152; x_wconf 94' lang='lat' dir='ltr'>in</span> <span class='ocrx_word' id='word_1_90' title='bbox 1055 2108 1119 2171; x_wconf 92' lang='lat' dir='ltr'>quo</span> <span class='ocrx_word' id='word_1_91' title='bbox 1145 2087 1254 2150; x_wconf 89' lang='lat' dir='ltr'>atatim</span> <span class='ocrx_word' id='word_1_92' title='bbox 1279 2087 1319 2150; x_wconf 88' lang='lat' dir='ltr'>ab</span> 
     </span>
     <span class='ocr_line' id='line_1_14' title="bbox 263 2198 1322 2289; baseline 0.002 -23"><span class='ocrx_word' id='word_1_93' title='bbox 263 2198 366 2267; x_wconf 80' lang='lat' dir='ltr'>&#39;inicio</span> <span class='ocrx_word' id='word_1_94' title='bbox 385 2203 536 2288; x_wconf 84' lang='lat' dir='ltr'>leguntur</span> <span class='ocrx_word' id='word_1_95' title='bbox 552 2204 680 2268; x_wconf 89' lang='lat' dir='ltr'>haecce:</span> <span class='ocrx_word' id='word_1_96' title='bbox 695 2204 744 2268; x_wconf 85' lang='lat' dir='ltr'>Ne</span> <span class='ocrx_word' id='word_1_97' title='bbox 764 2209 872 2269; x_wconf 89' lang='lat' dir='ltr'>nostra</span> <span class='ocrx_word' id='word_1_98' title='bbox 893 2205 1021 2289; x_wconf 92' lang='lat' dir='ltr'>quidem</span> <span class='ocrx_word' id='word_1_99' title='bbox 1037 2209 1124 2269; x_wconf 89' lang='lat' dir='ltr'>aetas</span> <span class='ocrx_word' id='word_1_100' title='bbox 1140 2227 1251 2289; x_wconf 84' lang='lat' dir='ltr'>expers</span> <span class='ocrx_word' id='word_1_101' title='bbox 1274 2208 1322 2268; x_wconf 87' lang='lat' dir='ltr'>est</span> 
     </span>
     <span class='ocr_line' id='line_1_15' title="bbox 273 2323 1321 2410; baseline 0.002 -24"><span class='ocrx_word' id='word_1_102' title='bbox 273 2323 619 2408; x_wconf 83' lang='lat' dir='ltr'>hominnmdignorum</span> <span class='ocrx_word' id='word_1_103' title='bbox 629 2325 1321 2410; x_wconf 86' lang='lat' dir='ltr'>commemoratione,quodattinetetadcor-</span> 
     </span>
     <span class='ocr_line' id='line_1_16' title="bbox 271 2442 1319 2529; baseline 0.001 -23"><span class='ocrx_word' id='word_1_104' title='bbox 271 2443 356 2526; x_wconf 90' lang='lat' dir='ltr'>poris</span> <span class='ocrx_word' id='word_1_105' title='bbox 368 2443 465 2507; x_wconf 88' lang='lat' dir='ltr'>robur</span> <span class='ocrx_word' id='word_1_106' title='bbox 484 2447 515 2507; x_wconf 90' lang='lat' dir='ltr'>et</span> <span class='ocrx_word' id='word_1_107' title='bbox 532 2443 571 2506; x_wconf 91' lang='lat' dir='ltr'>ad</span> <span class='ocrx_word' id='word_1_108' title='bbox 591 2444 691 2508; x_wconf 89' lang='lat' dir='ltr'>animi</span> <span class='ocrx_word' id='word_1_109' title='bbox 708 2444 815 2524; x_wconf 91' lang='lat' dir='ltr'>dotes,</span> <span class='ocrx_word' id='word_1_110' title='bbox 831 2466 967 2529; x_wconf 91' lang='lat' dir='ltr'>quorum</span> <span class='ocrx_word' id='word_1_111' title='bbox 980 2445 1030 2508; x_wconf 88' lang='lat' dir='ltr'>vel</span> <span class='ocrx_word' id='word_1_112' title='bbox 1042 2443 1104 2508; x_wconf 93' lang='lat' dir='ltr'>duo</span> <span class='ocrx_word' id='word_1_113' title='bbox 1122 2442 1319 2508; x_wconf 86' lang='lat' dir='ltr'>celeberrimi</span> 
     </span>
     <span class='ocr_line' id='line_1_17' title="bbox 272 2561 1321 2650; baseline 0.001 -24"><span class='ocrx_word' id='word_1_114' title='bbox 272 2561 1321 2650; x_wconf 82' lang='lat' dir='ltr'>sunt:SostratusBoeotius‚HeroulescognominatusetDcmonax</span> 
     </span>
     <span class='ocr_line' id='line_1_18' title="bbox 270 2678 1321 2767; baseline 0.004 -26"><span class='ocrx_word' id='word_1_115' title='bbox 270 2678 485 2763; x_wconf 85' lang='lat' dir='ltr'>philosophus.</span> <span class='ocrx_word' id='word_1_116' title='bbox 513 2679 557 2746; x_wconf 89' lang='lat' dir='ltr'>De</span> <span class='ocrx_word' id='word_1_117' title='bbox 580 2679 740 2760; x_wconf 79' lang='lat' dir='ltr'>Sostrata,</span> <span class='ocrx_word' id='word_1_118' title='bbox 766 2683 810 2747; x_wconf 88' lang='lat' dir='ltr'>sic</span> <span class='ocrx_word' id='word_1_119' title='bbox 835 2687 946 2747; x_wconf 89' lang='lat' dir='ltr'>auctor</span> <span class='ocrx_word' id='word_1_120' title='bbox 968 2683 1083 2767; x_wconf 85' lang='lat' dir='ltr'>pergit,</span> <span class='ocrx_word' id='word_1_121' title='bbox 1108 2681 1172 2745; x_wconf 87' lang='lat' dir='ltr'>alio</span> <span class='ocrx_word' id='word_1_122' title='bbox 1196 2682 1278 2746; x_wconf 91' lang='lat' dir='ltr'>libro</span> <span class='ocrx_word' id='word_1_123' title='bbox 1302 2705 1321 2745; x_wconf 90' lang='lat' dir='ltr'>a</span> 
     </span>
     <span class='ocr_line' id='line_1_19' title="bbox 270 2799 1321 2884; baseline 0.002 -22"><span class='ocrx_word' id='word_1_124' title='bbox 270 2821 321 2863; x_wconf 91' lang='lat' dir='ltr'>me</span> <span class='ocrx_word' id='word_1_125' title='bbox 343 2800 497 2884; x_wconf 88' lang='lat' dir='ltr'>scriptum</span> <span class='ocrx_word' id='word_1_126' title='bbox 520 2806 577 2866; x_wconf 89' lang='lat' dir='ltr'>est.</span> <span class='ocrx_word' id='word_1_127' title='bbox 600 2841 645 2850; x_wconf 90' lang='lat'>-</span> <span class='ocrx_word' id='word_1_128' title='bbox 668 2802 738 2878; x_wconf 80' lang='lat' dir='ltr'>Quo</span> <span class='ocrx_word' id='word_1_129' title='bbox 760 2803 866 2867; x_wconf 79' lang='lat' dir='ltr'>libro?</span> <span class='ocrx_word' id='word_1_130' title='bbox 891 2841 936 2850; x_wconf 95' lang='lat'>—-</span> <span class='ocrx_word' id='word_1_131' title='bbox 959 2799 1051 2866; x_wconf 77' lang='lat' dir='ltr'>Certe</span> <span class='ocrx_word' id='word_1_132' title='bbox 1076 2804 1203 2865; x_wconf 91' lang='lat' dir='ltr'>constat</span> <span class='ocrx_word' id='word_1_133' title='bbox 1225 2801 1321 2864; x_wconf 91' lang='lat' dir='ltr'>huius</span> 
     </span>
     <span class='ocr_line' id='line_1_20' title="bbox 270 2909 1319 3009; baseline -0.001 -24"><span class='ocrx_word' id='word_1_134' title='bbox 270 2921 343 2986; x_wconf 89' lang='lat' dir='ltr'>libri</span> <span class='ocrx_word' id='word_1_135' title='bbox 371 2945 429 2987; x_wconf 89' lang='lat' dir='ltr'>nec</span> <span class='ocrx_word' id='word_1_136' title='bbox 464 2924 569 2988; x_wconf 86' lang='lat' dir='ltr'>volam</span> <span class='ocrx_word' id='word_1_137' title='bbox 593 2946 651 2988; x_wconf 90' lang='lat' dir='ltr'>nec</span> <span class='ocrx_word' id='word_1_138' title='bbox 685 2923 856 3009; x_wconf 84' lang='lat' dir='ltr'>vestigium</span> <span class='ocrx_word' id='word_1_139' title='bbox 887 2943 1056 3005; x_wconf 89' lang='lat' dir='ltr'>superesse.</span> <span class='ocrx_word' id='word_1_140' title='bbox 1083 2909 1138 2984; x_wconf 88' lang='lat' dir='ltr'>De</span> <span class='ocrx_word' id='word_1_141' title='bbox 1158 2919 1319 2997; x_wconf 82' lang='lat' dir='ltr'>Sostrato,</span> 
     </span>
     <span class='ocr_line' id='line_1_21' title="bbox 270 3026 1319 3130; baseline -0.001 -25"><span class='ocrx_word' id='word_1_142' title='bbox 270 3043 354 3126; x_wconf 93' lang='lat' dir='ltr'>quod</span> <span class='ocrx_word' id='word_1_143' title='bbox 374 3044 489 3122; x_wconf 84' lang='lat' dir='ltr'>sciam,</span> <span class='ocrx_word' id='word_1_144' title='bbox 513 3045 562 3109; x_wconf 90' lang='lat' dir='ltr'>bis</span> <span class='ocrx_word' id='word_1_145' title='bbox 585 3044 671 3130; x_wconf 90' lang='lat' dir='ltr'>apud</span> <span class='ocrx_word' id='word_1_146' title='bbox 694 3044 847 3108; x_wconf 90' lang='lat' dir='ltr'>Nostrum</span> <span class='ocrx_word' id='word_1_147' title='bbox 874 3043 994 3106; x_wconf 87' lang='lat' dir='ltr'>mentio</span> <span class='ocrx_word' id='word_1_148' title='bbox 1018 3026 1066 3105; x_wconf 75' lang='lat' dir='ltr'>fit.</span> <span class='ocrx_word' id='word_1_149' title='bbox 1095 3040 1135 3104; x_wconf 89' lang='lat' dir='ltr'>ln</span> <span class='ocrx_word' id='word_1_150' title='bbox 1158 3039 1319 3104; x_wconf 89' lang='lat' dir='ltr'>tricesimo</span> 
     </span>
     <span class='ocr_line' id='line_1_22' title="bbox 269 3145 1319 3260; baseline -0.002 -37"><span class='ocrx_word' id='word_1_151' title='bbox 269 3161 396 3247; x_wconf 84' lang='lat' dir='ltr'>dialogo</span> <span class='ocrx_word' id='word_1_152' title='bbox 420 3167 618 3228; x_wconf 88' lang='lat' dir='ltr'>mortuorum</span> <span class='ocrx_word' id='word_1_153' title='bbox 641 3185 714 3228; x_wconf 89' lang='lat' dir='ltr'>cum</span> <span class='ocrx_word' id='word_1_154' title='bbox 737 3163 845 3227; x_wconf 91' lang='lat' dir='ltr'>Minoe</span> <span class='ocrx_word' id='word_1_155' title='bbox 858 3145 1054 3260; x_wconf 78' lang='lat' dir='ltr'>colloquitur</span> <span class='ocrx_word' id='word_1_156' title='bbox 1069 3159 1179 3243; x_wconf 87' lang='lat' dir='ltr'>ibique</span> <span class='ocrx_word' id='word_1_157' title='bbox 1195 3157 1319 3242; x_wconf 87' lang='lat' dir='ltr'>sophis-</span> 
     </span>
     <span class='ocr_line' id='line_1_23' title="bbox 268 3280 1319 3368; baseline 0.004 -26"><span class='ocrx_word' id='word_1_158' title='bbox 268 3284 374 3345; x_wconf 87' lang='lat' dir='ltr'>tarum</span> <span class='ocrx_word' id='word_1_159' title='bbox 398 3305 486 3347; x_wconf 90' lang='lat' dir='ltr'>more</span> <span class='ocrx_word' id='word_1_160' title='bbox 509 3283 600 3348; x_wconf 89' lang='lat' dir='ltr'>docet</span> <span class='ocrx_word' id='word_1_161' title='bbox 624 3281 697 3348; x_wconf 88' lang='lat' dir='ltr'>Orci</span> <span class='ocrx_word' id='word_1_162' title='bbox 718 3283 859 3368; x_wconf 86' lang='lat' dir='ltr'>judicem</span> <span class='ocrx_word' id='word_1_163' title='bbox 884 3303 941 3346; x_wconf 88' lang='lat' dir='ltr'>nec</span> <span class='ocrx_word' id='word_1_164' title='bbox 965 3283 1045 3346; x_wconf 89' lang='lat' dir='ltr'>bene</span> <span class='ocrx_word' id='word_1_165' title='bbox 1063 3303 1120 3346; x_wconf 86' lang='lat' dir='ltr'>nec</span> <span class='ocrx_word' id='word_1_166' title='bbox 1137 3280 1319 3345; x_wconf 83' lang='lat' dir='ltr'>malefacta</span> 
     </span>
     <span class='ocr_line' id='line_1_24' title="bbox 269 3400 1318 3488; baseline 0 -22"><span class='ocrx_word' id='word_1_167' title='bbox 269 3403 451 3468; x_wconf 85' lang='lat' dir='ltr'>hominibus</span> <span class='ocrx_word' id='word_1_168' title='bbox 477 3404 554 3488; x_wconf 89' lang='lat' dir='ltr'>ipsis</span> <span class='ocrx_word' id='word_1_169' title='bbox 588 3426 653 3468; x_wconf 87' lang='lat' dir='ltr'>esse</span> <span class='ocrx_word' id='word_1_170' title='bbox 676 3400 865 3487; x_wconf 89' lang='lat' dir='ltr'>imputanda</span> <span class='ocrx_word' id='word_1_171' title='bbox 896 3401 949 3465; x_wconf 80' lang='lat' dir='ltr'>sed</span> <span class='ocrx_word' id='word_1_172' title='bbox 973 3401 1068 3465; x_wconf 89' lang='lat' dir='ltr'>unice</span> <span class='ocrx_word' id='word_1_173' title='bbox 1096 3401 1177 3466; x_wconf 85' lang='lat' dir='ltr'>Fato</span> <span class='ocrx_word' id='word_1_174' title='bbox 1200 3400 1318 3466; x_wconf 91' lang='lat' dir='ltr'>deberi.</span> 
     </span>
    </p>
   </div>
   <div class='ocr_carea' id='block_1_3' title="bbox 266 3824 1321 4321">
    <p class='ocr_par' dir='ltr' id='par_1_4' title="bbox 266 3824 1321 4321">
     <span class='ocr_line' id='line_1_25' title="bbox 310 3824 1321 3906; baseline -0.003 -21"><span class='ocrx_word' id='word_1_175' title='bbox 310 3828 333 3902; x_wconf 86' lang='grc'>1)</span> <span class='ocrx_word' id='word_1_176' title='bbox 354 3827 450 3885; x_wconf 85' lang='lat' dir='ltr'>Tertio</span> <span class='ocrx_word' id='word_1_177' title='bbox 473 3829 594 3886; x_wconf 85' lang='lat' dir='ltr'>occurrit</span> <span class='ocrx_word' id='word_1_178' title='bbox 615 3830 691 3906; x_wconf 87' lang='lat' dir='ltr'>apud</span> <span class='ocrx_word' id='word_1_179' title='bbox 710 3830 847 3887; x_wconf 86' lang='lat' dir='ltr'>Nostrum</span> <span class='ocrx_word' id='word_1_180' title='bbox 868 3829 897 3902; x_wconf 86' lang='lat' dir='ltr'>in</span> <span class='ocrx_word' id='word_1_181' title='bbox 911 3826 1034 3894; x_wconf 80' lang='lat' dir='ltr'>Toxari,</span> <span class='ocrx_word' id='word_1_182' title='bbox 1056 3825 1087 3884; x_wconf 81' lang='grc' dir='ltr'>Ο.</span> <span class='ocrx_word' id='word_1_183' title='bbox 1106 3827 1163 3896; x_wconf 78' lang='lat'>27,</span> <span class='ocrx_word' id='word_1_184' title='bbox 1180 3824 1230 3882; x_wconf 92' lang='lat' dir='ltr'>ubi</span> <span class='ocrx_word' id='word_1_185' title='bbox 1245 3826 1321 3882; x_wconf 89' lang='lat' dir='ltr'>inter</span> 
     </span>
     <span class='ocr_line' id='line_1_26' title="bbox 266 3928 1318 4010; baseline -0.002 -22"><span class='ocrx_word' id='word_1_186' title='bbox 266 3930 377 3989; x_wconf 87' lang='lat' dir='ltr'>nobiles</span> <span class='ocrx_word' id='word_1_187' title='bbox 417 3932 522 3989; x_wconf 88' lang='lat' dir='ltr'>amicos</span> <span class='ocrx_word' id='word_1_188' title='bbox 550 3953 565 3990; x_wconf 90' lang='lat' dir='ltr'>a</span> <span class='ocrx_word' id='word_1_189' title='bbox 594 3933 745 4010; x_wconf 86' lang='lat' dir='ltr'>Mnesippo</span> <span class='ocrx_word' id='word_1_190' title='bbox 776 3934 946 3989; x_wconf 87' lang='lat' dir='ltr'>memoratos</span> <span class='ocrx_word' id='word_1_191' title='bbox 977 3929 1153 3988; x_wconf 85' lang='lat' dir='ltr'>nominatur.</span> <span class='ocrx_word' id='word_1_192' title='bbox 1187 3928 1318 3986; x_wconf 71' lang='lat' dir='ltr'>Toxilus</span> 
     </span>
     <span class='ocr_line' id='line_1_27' title="bbox 266 4030 1318 4107; baseline -0.003 -15"><span class='ocrx_word' id='word_1_193' title='bbox 266 4039 359 4092; x_wconf 84' lang='lat' dir='ltr'>autern</span> <span class='ocrx_word' id='word_1_194' title='bbox 382 4055 398 4092; x_wconf 88' lang='lat' dir='ltr'>a</span> <span class='ocrx_word' id='word_1_195' title='bbox 415 4035 658 4106; x_wconf 84' lang='lat' dir='ltr'>Sounnaaaour,</span> <span class='ocrx_word' id='word_1_196' title='bbox 682 4037 845 4103; x_wconf 71' lang='lat' dir='ltr'>anurnio,</span> <span class='ocrx_word' id='word_1_197' title='bbox 862 4032 1058 4092; x_wconf 86' lang='lat' dir='ltr'>addubitatur.</span> <span class='ocrx_word' id='word_1_198' title='bbox 1075 4065 1116 4074; x_wconf 89' lang='lat'>-</span> <span class='ocrx_word' id='word_1_199' title='bbox 1133 4031 1175 4090; x_wconf 80' lang='lat' dir='ltr'>cf.</span> <span class='ocrx_word' id='word_1_200' title='bbox 1198 4030 1318 4107; x_wconf 80' lang='lat' dir='ltr'>Epictet.</span> 
     </span>
     <span class='ocr_line' id='line_1_28' title="bbox 267 4133 1315 4216; baseline -0.004 -22"><span class='ocrx_word' id='word_1_201' title='bbox 267 4138 298 4208; x_wconf 93' lang='grc' dir='ltr'>Ι,</span> <span class='ocrx_word' id='word_1_202' title='bbox 324 4141 380 4207; x_wconf 78' lang='lat' dir='ltr'>at,</span> <span class='ocrx_word' id='word_1_203' title='bbox 405 4140 454 4196; x_wconf 77' lang='lat'>22.</span> <span class='ocrx_word' id='word_1_204' title='bbox 477 4138 565 4197; x_wconf 88' lang='lat' dir='ltr'>Seuec</span> <span class='ocrx_word' id='word_1_205' title='bbox 589 4139 642 4216; x_wconf 81' lang='lat' dir='ltr'>llp.</span> <span class='ocrx_word' id='word_1_206' title='bbox 670 4140 759 4216; x_wconf 72' lang='lat' dir='ltr'>lasa,</span> <span class='ocrx_word' id='word_1_207' title='bbox 786 4137 880 4214; x_wconf 72' lang='lat' dir='ltr'>bost).</span> <span class='ocrx_word' id='word_1_208' title='bbox 910 4137 996 4214; x_wconf 75' lang='lat' dir='ltr'>tale.</span> <span class='ocrx_word' id='word_1_209' title='bbox 1027 4136 1083 4194; x_wconf 85' lang='lat' dir='ltr'>Dio</span> <span class='ocrx_word' id='word_1_210' title='bbox 1107 4135 1184 4196; x_wconf 83' lang='lat' dir='ltr'>(lass.</span> <span class='ocrx_word' id='word_1_211' title='bbox 1207 4133 1315 4204; x_wconf 87' lang='lat' dir='ltr'><strong>LXVI,</strong></span> 
     </span>
     <span class='ocr_line' id='line_1_29' title="bbox 268 4241 1078 4321; baseline -0.001 -19"><span class='ocrx_word' id='word_1_212' title='bbox 268 4245 316 4304; x_wconf 82' lang='lat'>13.</span> <span class='ocrx_word' id='word_1_213' title='bbox 340 4241 415 4301; x_wconf 83' lang='lat' dir='ltr'>Suet.</span> <span class='ocrx_word' id='word_1_214' title='bbox 440 4242 524 4320; x_wconf 84' lang='lat' dir='ltr'>Vesp.</span> <span class='ocrx_word' id='word_1_215' title='bbox 552 4247 601 4304; x_wconf 83' lang='lat'>13.</span> <span class='ocrx_word' id='word_1_216' title='bbox 626 4245 759 4318; x_wconf 74' lang='lat' dir='ltr'>Zamae,</span> <span class='ocrx_word' id='word_1_217' title='bbox 784 4241 845 4315; x_wconf 88' lang='grc' dir='ltr'><strong>ΙΙΙ,</strong></span> <span class='ocrx_word' id='word_1_218' title='bbox 873 4244 904 4312; x_wconf 93' lang='lat' dir='ltr'>l,</span> <span class='ocrx_word' id='word_1_219' title='bbox 931 4243 989 4302; x_wconf 78' lang='grc'>766</span> <span class='ocrx_word' id='word_1_220' title='bbox 1015 4259 1078 4321; x_wconf 87' lang='lat' dir='ltr'>sqq.</span> 
     </span>
    </p>
   </div>
   <div class='ocr_carea' id='block_1_4' title="bbox 0 0 1708 5180">
    <p class='ocr_par' dir='ltr' id='par_1_5' title="bbox 0 0 1708 5180">
     <span class='ocr_line' id='line_1_30' title="bbox 0 0 1708 5180; baseline 0 5"><span class='ocrx_word' id='word_1_221' title='bbox 0 0 1708 5180; x_wconf 95' lang='lat' dir='ltr'> </span> 
     </span>
    </p>
   </div>
  </div>
 </body>
</html>
