3408 5180
755 555 818 619 103

263 797 362 839 unum
391 773 580 839 offendimus
606 774 657 838 cui
684 795 804 839 nomen
826 776 1083 861 Τοροιννοκιόνος
1118 772 1305 858 disceptatio

262 894 300 958 de
322 893 452 958 homine
463 893 568 958 nescio
580 915 643 978 quo
654 894 710 978 qui
722 898 897 978 tyranuum
912 893 1135 958 interfecturus
1150 893 1186 958 in
1201 915 1306 958 arcem

261 1013 462 1091 ascenderat,
493 1035 588 1099 quem
620 1013 748 1098 quidem
776 1013 881 1097 ipsum
912 1036 985 1079 cum
1016 1033 1084 1077 non
1113 1013 1305 1090 invenisset,

261 1136 296 1200 in
312 1136 369 1201 filii
385 1136 484 1220 ipsius
502 1157 565 1200 ase
580 1135 676 1200 occisi
690 1157 820 1219 corpore
835 1136 977 1219 gladium
993 1136 1174 1220 reliqueret.
1187 1135 1305 1221 Super-

262 1255 392 1320 veniens
421 1259 579 1339 tyrannus
610 1259 777 1338 conspecto
806 1255 872 1319 filio
897 1256 966 1340 jam
990 1260 1116 1320 mortuo
1138 1255 1247 1320 eodem
1272 1277 1305 1319 ee

262 1372 369 1457 gladio
390 1375 457 1456 ipae
480 1374 652 1438 interemit.
677 1373 764 1439 Petit
784 1374 839 1438 illc
861 1374 918 1458 qui
941 1375 1045 1438 filium
1060 1375 1191 1458 tyranni
1202 1372 1304 1438 inter·

261 1491 378 1557 fecerat
388 1493 565 1576 praemium
573 1494 614 1558 ob
622 1498 797 1577 tyrannum
806 1491 1162 1558 occisumPutidasane
1170 1492 1304 1556 materie

261 1633 281 1674 a
301 1610 442 1676 Lucieno
458 1612 561 1677 adhuc
576 1613 611 1678 in
622 1613 785 1677 rhetorum
797 1604 973 1697 disciplinis
986 1616 1130 1676 versante
1141 1612 1303 1688 confecta,

261 1732 345 1816 quod
363 1732 448 1796 idem
467 1733 530 1798 dici
563 1736 667 1816 potest
689 1733 724 1797 in
747 1735 1065 1817 Ἀποκηρνττόμενον
1091 1753 1149 1796 nec
1172 1753 1239 1795 non
1268 1731 1303 1798 in

261 1856 432 1936 utrumque
462 1851 664 1918 Phalaridem
701 1876 838 1938 quorum
872 1854 953 1918 alter
987 1855 1086 1918 altero
1121 1855 1171 1916 est
1204 1852 1303 1916 etiam
1358 1841 1360 1845 ¹

261 1972 420 2036 inficetior
442 1977 474 2037 et
496 1973 636 2058 ineptior
657 1975 839 2059 tyrannidis
861 1974 1017 2060 apologia.
1052 1972 1165 2056 Neque
1188 1971 1224 2034 in
1245 1969 1306 2033 hoc

261 2113 376 2176 genere
397 2093 663 2176 praetereundum
685 2094 811 2158 videtur
835 2096 946 2169 Μυίας
970 2097 1144 2175 ἐγκώμιον,
1169 2089 1305 2174 dignum

259 2211 344 2295 quod
375 2209 556 2275 conferatur
582 2233 654 2275 cum
677 2209 848 2276 Frontonis
874 2211 1021 2276 laudibus
1043 2210 1144 2288 fumi,
1166 2207 1306 2292 pulveris

261 2334 293 2394 et
304 2331 534 2416 negligentiam
548 2331 572 2416 ¹)
589 2334 665 2395 sunt
676 2331 761 2396 iuter
776 2331 908 2396 Lucieui
923 2333 1041 2416 scripta
1053 2329 1211 2415 juvenilia
1227 2327 1305 2391 item

259 2461 292 2516 et
310 2452 395 2516 iuter
406 2473 443 2515 ea
456 2473 537 2536 quae
556 2452 727 2515 admodum
746 2467 841 2516 senex
856 2451 992 2516 confecit
1005 2450 1083 2514 eatis
1095 2447 1215 2512 multae
1226 2446 1308 2511 istae

257 2570 433 2636 rhetoricae
454 2592 559 2656 nugae
571 2593 650 2655 quas
668 2571 765 2636 uerbo
785 2570 940 2636 indicasse
958 2569 1035 2635 satia
1055 2569 1177 2634 habeo:
1195 2568 1304 2643 Ζεῦξις

258 2695 449 2780 ἤΑντίοχος
459 2743 469 2772 ,
489 2695 571 2776 Δίκη
590 2694 796 2776 φωνηέντων,
810 2715 904 2757 causa
926 2693 1055 2776 privata
1074 2692 1160 2756 inter
1183 2688 1306 2754 literam

257 2815 366 2897 Σίνμα
389 2819 421 2877 ct
444 2820 527 2891 Ταῦ,
553 2811 804 2894 Ψευδολογιστὴς
831 2815 937 2897 ἤπερὶ
955 2819 1009 2894 τῆς
1025 2811 1208 2896 ἀποφράδος
1225 2819 1305 2873 κατὰ

257 2941 427 3020 Τιμάρχου.
459 2931 553 2995 Senio
584 2936 692 2994 autem
724 2931 886 2995 confectus
913 2931 1103 3016 conscripsit
1132 2931 1302 3008 Διόνυσος,

257 3056 429 3142 Ἡρακλῆς,
453 3058 528 3139 πρὸς
552 3053 607 3119 τὸν
632 3054 762 3120 εἰπόντα
776 3055 965 3138 Προμηθεύς
981 3047 1009 3116 εἷ
1031 3056 1065 3117 ἐν
1089 3051 1206 3130 λόγοις,
1223 3055 1300 3136 ὑπὲρ

258 3185 311 3244 τοῦ
336 3182 370 3243 ἐν
393 3185 432 3260 τῇ
454 3177 690 3259 προσαγορεύσει
714 3175 920 3255 πταίσματος,
944 3171 1067 3255 reliqua
1093 3191 1176 3254 quae
1186 3170 1304 3255 scripta

258 3297 367 3363 omnia
381 3299 408 3361 si
426 3296 492 3360 dica
504 3293 687 3371 delevisset,
700 3314 767 3357 non
783 3313 878 3356 causa
890 3293 971 3356 esset
982 3311 1038 3354 cur
1050 3289 1173 3353 minore
1192 3288 1302 3354 existi-

259 3418 400 3482 matione
418 3416 577 3480 frueretur
600 3416 719 3478 auctor.
734 3412 772 3476 Id
789 3416 899 3476 tamen
918 3409 1041 3474 habent
1052 3407 1108 3473 illa
1126 3407 1162 3472 iu
1181 3407 1303 3473 eeboni

274 3669 456 3682 ----

302 3845 325 3919 1)
347 3845 470 3912 llronto,
490 3840 544 3898 lld.
560 3839 684 3909 Nerua,
699 3858 727 3915 p.
744 3839 817 3896 211.
840 3834 995 3911 „Plerique
1016 3833 1171 3910 legentium
1193 3834 1322 3904 lorsam.

258 3950 368 4026 inquit,
391 3966 450 4004 rem
472 3946 507 4003 de
529 3943 613 4002 titulo
636 3935 849 4001 contemnant.”
873 3939 991 3996 Utinam
1014 3938 1122 3995 Fronto
1144 3938 1204 4013 ipse
1228 3956 1302 3999 uuus

257 4055 358 4112 horum
380 4051 493 4120 fuisset,
516 4067 568 4106 nec
589 4047 755 4125 quisquilias
777 4045 845 4102 istas
866 4041 968 4100 litteris
987 4042 1155 4100 mandasset.
1186 4075 1226 4084 --
1260 4041 1303 4101 Cf.

259 4165 295 4223 de
323 4161 428 4220 talibus
456 4153 580 4230 ἀδόξοις
603 4149 800 4215 ὑποθέσεσιν.
832 4152 905 4210 Gell.
932 4151 970 4210 N.
991 4153 1027 4210 A.
1050 4150 1151 4220 XVII,
1176 4151 1230 4218 12,
1254 4149 1304 4225 qui

259 4272 354 4326 namet
382 4267 554 4325 Favorinum
581 4261 724 4339 scripsisse
745 4260 820 4317 inter
841 4256 896 4315 alie
918 4254 1015 4313 laudes
1037 4254 1121 4312 febris
1143 4257 1304 4330 quartanae.
