3408 5180
812 553 875 620 109

321 778 389 839 tum
422 774 531 838 stetim
562 795 734 859 cognosces
762 773 839 858 quid
874 775 994 840 distent
1018 798 1091 840 aere
1113 775 1249 859 lupinis,
1277 798 1369 838 nem-

322 915 384 978 que
419 893 526 958 minus
560 893 667 959 felices
698 894 875 959 imitatores
900 897 1044 960 oratione
1065 895 1243 961 comoediae
1267 895 1369 979 magis

323 1016 415 1097 epte,
451 1017 483 1078 et
515 1013 606 1077 humi
640 1014 765 1098 repenti
803 1038 1046 1100 nonnumquam
1080 1038 1151 1080 snas
1182 1014 1369 1099 quisquilias

322 1133 518 1198 conscribere
549 1134 711 1212 solebant3
748 1136 957 1200 occurrebant
986 1135 1076 1200 verbi
1111 1157 1205 1200 oense
1239 1134 1368 1200 heeooe:

322 1257 359 1319 ‘O
382 1258 441 1338 γὰρ
463 1239 659 1339 μιαρώτατος
691 1258 742 1319 καὶ
768 1255 887 1321 κάκιστ’
917 1255 1129 1338 ἀπολούμενος
1161 1253 1369 1338 Οὐολόγαιοος

322 1375 436 1458 ἤρξατο
471 1375 616 1458 πολεμεῖν
653 1375 694 1440 δι’
726 1378 833 1442 αἰτίαν
864 1377 989 1443 τοιάνδε
1015 1375 1050 1462 1).
1082 1375 1175 1440 Alius
1205 1376 1370 1459 desumpto

323 1495 510 1579 gravissimo
545 1495 740 1580 Thucydidis
776 1496 904 1560 exordio
938 1496 978 1559 ad
1011 1495 1151 1586 litteram
1187 1494 1371 1559 nominibus

322 1615 417 1679 modo
433 1615 566 1679 mutetis
581 1601 741 1680 summum
757 1616 947 1680 historicum
958 1614 1233 1698 impudentissime
1246 1618 1371 1679 seoutns

324 1739 389 1800 est:
413 1745 602 1822 Κρεπερήιος
619 1736 883 1822 Καλπουρνιανὸς
898 1736 1177 1819 Πομπηΐοπολίτης
1193 1735 1370 1820 συνέγραψε

323 1859 378 1922 τὸν
402 1830 538 1940 πόλεμον
555 1863 619 1924 τῶν
633 1860 833 1943 Παρθυαίων
850 1860 902 1922 καὶ
919 1859 1101 1942 Ῥωμαίων,
1118 1862 1159 1932 ὠς
1177 1855 1369 1940 ἐπολέμησαν

322 1982 396 2064 πρὸς
420 1979 586 2061 ἀλλήλους,
610 1981 782 2064 ἀρξάμενος
807 1981 900 2053 εὐθυς
925 1978 1162 2060 ξυνισταμένου.
1186 1972 1214 2062 ²)

317 2135 321 2138 ·
367 2099 490 2164 Rursus
512 2100 593 2164 alins
616 2100 702 2164 bone
725 2100 816 2184 eopia
839 2100 953 2176 λέξεων
977 2121 1014 2164 ex
1040 2097 1201 2187 Herodoto
1224 2097 1371 2181 decerpta

324 2220 356 2280 et
367 2216 403 2280 in
419 2240 520 2282 unum
536 2218 666 2282 eolleota
679 2242 753 2284 usus
769 2224 832 2298 est,
848 2221 892 2284 sio
908 2219 1180 2305 ἰοοίρὶλἚρχομαι
1195 2217 1287 2302 ἐρέων
1302 2220 1371 2303 περὶ

324 2335 493 2418 Ῥωμαίων
529 2340 581 2400 καὶ
613 2337 758 2421 Περσέων
786 2341 818 2401 et
848 2341 1044 2422 postpauca
1067 2338 1132 2402 ἔδεε
1156 2341 1216 2418 γὰρ
1239 2336 1374 2425 Πέρσῃσι

325 2457 475 2534 γενέσθαι
512 2461 616 2530 κακῶς
651 2463 713 2523 κτὲ.
738 2455 763 2542 ³)
790 2455 938 2540 Impense
975 2456 1031 2521 isti
1053 2456 1204 2520 admirari
1230 2456 1375 2520 solebant

324 2573 456 2660 grauem
479 2576 569 2641 illum
593 2575 724 2641 Periclis
747 2581 915 2658 ἐπιτάφιον
937 2586 1002 2651 τοῖς
1018 2581 1153 2660 πρώτοις
1167 2583 1221 2642 τοῦ
1238 2576 1374 2660 πολέμου

325 2703 445 2780 νεκροῖς
470 2697 502 2758 et
524 2694 618 2758 nihili
641 2717 720 2779 ques
743 2695 879 2759 edebant
909 2717 1013 2780 nugas
1036 2695 1145 2759 ornari
1167 2694 1325 2778 putebant
1348 2693 1375 2757 si

325 2838 363 2880 ex
387 2814 571 2898 Thucydide
594 2814 759 2898 descriptis
779 2815 942 2880 vocabulis
958 2821 990 2880 et
1005 2815 1172 2880 sententiis
1184 2813 1374 2879 Severianus

325 2937 470 2998 mortuus
495 2956 513 2996 e
538 2932 644 2997 neseio
667 2954 731 3016 quo
754 2932 958 3012 laudaretur,
983 2955 1082 3018 eaque
1104 2931 1248 2997 funebris
1271 2931 1373 2996 oratio

323 3050 475 3116 historiae
498 3050 701 3114 insereretur.
715 3044 740 3136 ⁴)
757 3050 876 3115 Parnm
891 3051 1023 3117 interim
1040 3053 1196 3116 ourebent
1210 3073 1253 3115 en
1268 3073 1375 3115 rerum

325 3174 488 3255 gestorum
513 3170 666 3234 memorie
690 3191 762 3234 oum
791 3170 853 3235 fide
876 3175 908 3234 et
930 3172 1103 3237 seeundum
1126 3170 1294 3236 veritatem
1321 3192 1375 3234 ex-

324 3292 514 3373 poneretur,
539 3289 710 3352 dummodo
734 3289 856 3373 aliquid
880 3289 1156 3356 consoribillarent
1182 3313 1245 3376 quo
1274 3290 1376 3376 glorie
1458 3300 1462 3306 '

324 3408 545 3473 Romanorum
561 3414 593 3471 ot
607 3407 748 3472 Romani
762 3408 982 3492 imperatoris,
999 3409 1140 3474 hostium
1153 3413 1261 3473 autem
1273 3409 1377 3473 clades

325 3530 496 3610 augeretur
518 3526 552 3590 in
577 3526 689 3592 maius.
713 3525 900 3591 Narrabant
922 3528 958 3591 in
974 3526 1093 3610 proelio
1110 3527 1194 3612 apud
1209 3526 1376 3611 Europum

327 3797 534 3809 *un—

369 3968 394 4048 1)
417 3974 491 4033 ron.
516 3975 547 4033 e.
575 3979 623 4034 ιι.

369 4075 491 4151 nnn.
516 4077 548 4137 c.
576 4081 624 4138 ιε.

369 4176 492 4254 nuru.
516 4183 547 4240 o.
576 4184 625 4240 ιιι.

369 4279 395 4360 4)
418 4283 494 4343 nn.
519 4288 550 4347 o.
579 4292 628 4349 eo.
