3372 5180
881 563 923 628 42

384 779 524 864 quotidie
546 779 621 844 deos
645 781 812 864 appellare.
830 781 854 867 ¹)
878 777 961 846 Sunt
975 783 1137 866 praeterea
1153 781 1273 847 multae
1288 779 1423 866 inserip-

382 899 484 964 tiones
514 921 595 984 quae
626 899 787 984 vigentem
819 899 922 965 adhue
951 901 1073 964 cultum
1096 900 1266 985 antiquum
1289 901 1425 964 dilucide

366 1009 537 1102 probent,
579 1040 714 1102 quarum
755 1041 849 1082 unam
885 1019 937 1084 hio
971 1034 1146 1104 proponere
1176 1021 1288 1104 juvet,
1328 1043 1424 1104 quem

382 1139 518 1222 legimus
562 1137 646 1220 apud
690 1137 823 1202 Zellium
857 1123 892 1201 in
927 1137 1172 1223 inscriptionum
1206 1138 1424 1202 Romanarum

383 1256 514 1324 delectu,
538 1256 574 1320 Τ.
600 1255 795 1340 Pomponius
817 1257 928 1322 Viator
943 1258 1072 1343 quidem
1089 1256 1225 1322 Animae
1239 1257 1273 1320 in
1290 1257 1425 1341 Alpibus

258 1381 259 1385 ’
382 1381 566 1462 procurator
588 1374 747 1453 Caesaris,
771 1375 900 1441 Silvano
924 1377 1044 1462 gratias
1067 1377 1135 1462 egit
1158 1379 1190 1441 et
1213 1380 1323 1441 votum
1340 1399 1425 1440 nun*

384 1501 480 1583 oupat
501 1497 587 1562 hisee
609 1496 731 1562 verbis:

516 1664 645 1730 Silvane
666 1687 755 1730 saera
778 1664 941 1729 semicluse
962 1664 1089 1728 fraxino
1128 1637 1130 1641 ι

516 1785 561 1848 Et
582 1784 677 1848 huius
701 1784 757 1848 alti
781 1806 903 1848 summe
927 1788 1032 1848 eustos
1054 1783 1187 1862 hortuli,

518 1903 592 1967 Tibi
614 1903 707 1969 basae
729 1905 835 1988 grates
858 1903 1039 1968 dedicamus
1058 1903 1213 1983 „musicas

517 2021 607 2097 Quod
630 2044 689 2087 nos
713 2045 769 2107 per
792 2044 867 2087 arva
890 2044 1008 2108 perque
1032 2026 1156 2087 montes
1178 2022 1307 2108 Alpicos

518 2142 642 2227 Tuique
664 2143 728 2207 luci
751 2165 847 2207 suave
871 2143 985 2208 olentis
1007 2143 1148 2228 hospites

518 2261 604 2328 Dum
623 2263 676 2346 jus
699 2263 842 2348 guberno
865 2284 995 2348 remque
1017 2263 1135 2347 fungor
1158 2260 1326 2328 Caesarum

517 2379 586 2444 Tuo
608 2379 716 2462 favore
739 2380 939 2465 prosperenti
962 2381 1105 2464 sospites.

516 2498 567 2562 Tu
589 2521 640 2562 me
663 2521 812 2582 meosque
835 2499 963 2562 reduces
985 2498 1123 2562 Romam
1146 2500 1268 2578 sistito,

501 2615 627 2700 Deque
650 2616 733 2680 Itala
755 2640 831 2681 rura
853 2621 886 2681 te
909 2616 1049 2682 colamus
1071 2619 1222 2702 praeside.

515 2735 586 2820 Ego
607 2736 676 2820 jam
699 2736 810 2800 dioabo
833 2736 920 2800 mille
944 2757 1077 2821 magnes
1101 2737 1237 2802 arbores.
1263 2739 1286 2816 ²)

416 2904 556 2976 ,Plebem
586 2909 664 2970 tuno
693 2927 818 2991 quoque
840 2910 878 2970 ut
900 2928 1041 2990 semper,
1064 2907 1249 2990 praesertim
1273 2908 1308 2971 in
1330 2907 1424 2972 rebus

382 3024 496 3102 saeris,
521 3025 655 3110 antiquo
671 3025 768 3090 cultui
787 3025 951 3090 immorari
966 3026 1120 3111 vanisque
1135 3027 1316 3094 rumoribus
1328 3027 1424 3090 stulte

383 3143 524 3230 eredere,
556 3145 606 3208 vel
629 3148 718 3228 patet
741 3166 780 3208 ex
802 3144 841 3208 iis
863 3167 946 3229 quae
968 3145 1103 3230 legimns
1126 3145 1161 3208 iu
1186 3146 1275 3209 Actis
1298 3149 1424 3230 aposto—

381 3263 494 3342 lorum,
504 3263 560 3327 ubi
572 3262 689 3327 Paulus
701 3267 733 3328 et
745 3263 908 3328 Barnabas
920 3264 1068 3347 Lystram
1081 3264 1295 3343 advenientes,
1308 3265 1424 3349 populo

383 3385 542 3448 clamante
565 3388 595 3449 οἱ
617 3387 686 3448 θεοὶ
709 3384 917 3466 ὁμοιωθέντες
939 3390 1122 3470 ἀνθρώποις
1154 3386 1331 3473 κατέβησαν
1349 3389 1424 3470 πρὸς

382 3511 484 3587 ἡμᾶς,
507 3526 564 3588 pro
588 3504 649 3568 diis
671 3503 839 3568 habentur.
864 3506 890 3590 3)

387 3700 594 3709 .—-———

427 3843 449 3919 1)
472 3845 588 3903 Fronto.
611 3843 665 3902 Ed.
686 3842 782 3900 Nabar
804 3843 844 3912 V,
870 3845 925 3911 25,
948 3861 975 3918 p.
1005 3844 1053 3900 83.

425 3947 448 4022 2)
472 3947 558 4005 Orell.
591 3949 681 4003 1613.
713 3946 778 4004 Zell.
807 3945 869 4003 Del.
899 3945 986 4002 Inser.
1010 3945 1093 4001 Rom.
1117 3963 1144 4020 p.
1170 3945 1246 4012 431,
1271 3940 1309 4000 N'
1334 3947 1425 4007 1927.

382 4053 423 4111 of.
451 4043 676 4120 Furnuniunnn,
697 4047 914 4124 Dal-stellungen
937 4067 986 4105 aus
1005 4046 1425 4123 derSittengesohicbteRoms.

383 4157 434 4216 Th.
458 4156 518 4226 III,
542 4175 569 4232 p.
593 4157 669 4224 483,
694 4173 754 4231 sqq.

426 4258 450 4338 ³)
473 4260 536 4317 Aet.
560 4263 650 4336 apost.
675 4257 755 4328 XIV,
786 4259 920 4319 11-18,
