3408 5180
352 1205 476 1289 Nepos,
502 1205 668 1269 Eumenes,
694 1203 770 1290 Cap.
800 1205 848 1270 10.

351 1343 422 1427 Ipse
456 1347 563 1405 autem
598 1341 782 1425 Antigonus
816 1341 894 1404 adeo
928 1354 993 1404 erat
1026 1340 1191 1412 incensus,
1222 1343 1259 1403 ut
1289 1339 1351 1401 nisi

307 1501 424 1564 magna
450 1502 504 1564 spe
528 1463 738 1546 maximarum
763 1500 867 1542 rerum
895 1479 989 1543 leniri
1013 1501 1078 1544 nou
1102 1483 1216 1562 posset.

352 1617 550 1682 Vocabulum
586 1618 635 1680 ira
658 1616 808 1680 excidisse
831 1617 985 1696 arbitror,
1025 1616 1133 1700 itaque
1159 1615 1349 1700 legendum:

307 1775 362 1818 mu
387 1777 468 1819 nunu
489 1756 648 1821 incensus

351 2410 415 2476 Cic.
442 2412 481 2474 ad
504 2410 593 2476 Fam.
619 2411 667 2488 V,
694 2410 745 2474 12.
771 2409 941 2495 (Lucceio).

351 2551 463 2635 Neque
490 2554 617 2628 tamen,
650 2551 726 2614 haec
751 2571 850 2634 quum
874 2548 1064 2625 scribebam,
1097 2570 1183 2612 eram
1206 2549 1349 2626 nescius,

307 2691 436 2774 quantis
463 2690 612 2755 oneribus
644 2712 820 2775 premerere
847 2692 1062 2774 susceptarum
1093 2710 1198 2752 rerum
1230 2689 1350 2771 etjam

305 2819 544 2893 inst'tutarum':
573 2828 625 2894 sed
656 2829 731 2912 quia
759 2827 905 2892 videbam
936 2825 1041 2890 Italici
1076 2825 1151 2890 belli
1187 2827 1219 2888 et
1249 2824 1350 2888 civilis

305 2965 471 3029 historiam
491 2966 559 3048 jam
583 2987 601 3027 a
623 2969 656 3028 te
678 2986 778 3048 paene
802 2986 867 3028 esse
887 2964 1077 3046 perfectam,
1102 2962 1225 3026 dixeras
1244 2966 1349 3025 autem

205 3101 216 3116 ‘
307 3103 387 3166 mihi
412 3106 445 3166 te
478 3102 614 3186 reliquas
643 3124 692 3166 res
715 3093 827 3165 ordiri:
852 3101 957 3165 deesse
980 3099 1060 3164 mihi
1083 3099 1191 3178 nolui,
1215 3099 1293 3183 quin
1317 3103 1349 3162 te

307 3241 529 3315 admonerem,
549 3243 586 3304 ut
600 3239 766 3324 cogitares,
782 3239 992 3304 coniunctene
1007 3238 1117 3302 malles
1133 3260 1205 3302 cum
1221 3235 1349 3321 reliquis

218 3425 221 3430 .
307 3377 401 3442 rebus
435 3381 545 3443 nostra
577 3381 744 3442 contexere
778 3399 838 3454 an,
865 3380 903 3440 ut
933 3375 1027 3440 multi
1051 3374 1164 3441 Graeci
1187 3374 1347 3452 fecerunt,

307 3513 515 3581 Callisthenes
538 3516 685 3581 Tnorcnn
709 3515 841 3594 bellum,
865 3515 1014 3581 Timaeus
1036 3514 1170 3600 Pyrrhi,
1195 3513 1348 3598 Polybius

307 3654 559 3737 Numantinum,
591 3654 645 3739 qui
676 3676 785 3718 omnes
814 3677 832 3717 a
861 3654 1021 3739 perpetuis
1043 3652 1108 3717 suis
1130 3652 1271 3716 historiis
1295 3675 1349 3730 ea,

306 3814 388 3875 quae
417 3791 483 3856 dixi
513 3792 594 3856 bella
624 3795 867 3874 separaverunt,
899 3796 936 3855 tu
966 3813 1092 3876 quoque
1122 3791 1206 3856 item·
1224 3790 1349 3856 civilem

306 3930 557 4014 conjurationem
581 3930 621 3993 ab
640 3930 809 3994 hostilibus
831 3933 1031 4013 externisque
1051 3929 1142 3993 bellis
1157 3929 1346 4013 sejungeres.

329 4155 332 4161 Ι
351 4069 431 4142 Quia
455 4066 661 4132 Callisthenes
685 4067 810 4152 scripsit
833 4071 901 4152 περὶ
920 4075 973 4134 τοῦ
992 4071 1071 4154 ἱεροῦ
1088 4067 1224 4148 πολέμου
1239 4067 1348 4151 legen-

307 4204 383 4267 dum
407 4203 546 4269 videtur:
571 4203 777 4270 Callisthenes
800 4203 991 4270 Pnocxicuu
1014 4206 1142 4270 bellum.
