3372 5180
750 543 792 610 37

251 763 439 848 εἰσφέροντες
470 767 507 827 nt
542 761 700 847 Diagoras
730 786 770 848 v.
796 787 823 828 c.
858 766 976 851 quique
1006 789 1076 832 eam
1108 772 1292 854 opinionem

249 883 355 966 palam
385 881 529 965 profiteri
560 881 721 945 audebant
750 887 841 947 aceo:
872 883 1081 950 habebantur.
1108 889 1131 973 ι)
1161 887 1292 954 Praeter

249 1023 343 1086 snpra
365 1001 511 1065 laudatos
533 1001 617 1066 locos
640 1002 833 1066 mentionem
860 1003 898 1067 de
916 1001 1106 1070 Christianis
1122 1006 1191 1070 fieri
1206 1008 1290 1092 apud

248 1120 424 1185 Lucienum
458 1142 524 1184 non
547 1119 696 1198 memini,
731 1120 795 1184 nisi
828 1119 908 1187 forte
942 1124 1013 1206 quis
1046 1125 1209 1210 dialogum
1239 1128 1290 1193 cui

248 1263 364 1305 nomen
399 1240 591 1328 Φιλόπατρις
620 1248 640 1326 ἤ
671 1241 900 1324 Διδασκόμενος
930 1242 1072 1309 Lucieno
1108 1247 1290 1338 adjudicare

249 1362 356 1440 vellet,
376 1364 445 1447 jam
468 1363 586 1427 dudum
610 1363 651 1426 ab
674 1362 822 1427 omnibus
844 1363 960 1447 quibus
982 1365 1020 1427 de
1043 1364 1081 1428 iis
1096 1366 1190 1429 rebus
1201 1366 1289 1446 jndi-

247 1501 317 1544 care
339 1482 431 1559 licet,
454 1482 640 1545 damnatum
663 1483 744 1546 etin
760 1481 867 1567 spuria
882 1486 915 1546 et
930 1482 1068 1547 insiticia
1085 1484 1236 1568 rejectum
1263 1483 1287 1572 2)

247 1599 321 1666 Non
347 1601 447 1686 igitur
476 1601 531 1666 ille
562 1602 779 1666 vehementius
809 1624 906 1687 quam
937 1603 992 1666 alii
1014 1602 1153 1668 eiusdem
1175 1605 1289 1670 aetatis

246 1721 410 1805 scriptores
419 1719 615 1792 Christianos
627 1721 823 1805 perstrinxit.
833 1720 955 1786 Auctor
967 1722 1106 1787 nominis
1118 1723 1201 1802 eins,
1214 1725 1287 1809 qni,

246 1843 282 1903 ut
294 1843 341 1904 est
352 1841 436 1924 apud
444 1839 609 1916 Tacitum,
624 1839 768 1904 «Tiberio
777 1840 981 1924 imperitante
989 1864 1044 1925 per
1051 1847 1287 1926 procuratorem

246 1959 396 2024 Pontiam
420 1958 559 2023 Pilatum
582 1960 737 2044 supplicio
761 1959 891 2024 affectus
912 1965 1021 2039 erat»,
1042 1962 1067 2046 3)
1092 1961 1182 2025 audit
1204 1962 1288 2046 apud

247 2083 390 2143 nost-rum
419 2079 740 2154 όοένασκολοπισθεὶς
769 2087 937 2166 ἅνθρωπος
972 2083 1004 2144 et
1031 2084 1104 2164 post
1137 2102 1239 2164 pauca
1261 2083 1286 2166 4)

245 2199 539 2283 ἂνεσκολοπισμὲνος
563 2210 717 2282 σοφιστής.
742 2201 818 2265 Alto
841 2199 1009 2284 supercilio
1032 2220 1126 2283 porro
1149 2199 1287 2264 ludibrio

245 2318 341 2383 habet
374 2320 582 2384 stoliditatem
614 2326 646 2384 et
679 2319 915 2404 simplicitatem
947 2317 1199 2384 Christianorum
1231 2319 1287 2402 qui

245 2437 305 2501 sibi
327 2438 540 2521 persuaserint
562 2460 594 2502 se
618 2438 652 2501 in
683 2439 867 2503 universnm
890 2436 1086 2501 immortales
1108 2436 1232 2500 futuros
1255 2441 1287 2501 et

244 2557 278 2619 in
304 2561 492 2642 perpetuum
516 2556 654 2622 victuros
677 2580 751 2623 esse.
776 2558 911 2621 Minime
934 2579 1008 2623 vero
1031 2556 1215 2621 mirandum
1238 2560 1285 2620 est

243 2698 314 2740 eum
336 2677 382 2740 sic
405 2677 571 2760 opinatum
583 2698 665 2742 esse:
683 2675 881 2742 Christianos
897 2678 983 2741 enim
1001 2676 1159 2740 Lucienus
1174 2698 1284 2760 parum

243 2817 358 2860 noram
388 2795 478 2860 illam
508 2796 687 2860 doctrinam
719 2795 900 2879 intelligens
930 2796 982 2859 vel
1011 2794 1119 2876 potius
1152 2793 1284 2858 omnino
1319 2883 1321 2888 Ι

241 2914 392 3000 ignorans
414 2915 553 2979 habebat
574 2914 610 2977 in
633 2936 765 2978 numero
781 2936 889 2978 eornm
906 2915 963 2998 qui
977 2916 1063 2979 bona
1077 2914 1139 2977 fide
1156 2913 1285 2998 quidem

241 3038 390 3116 putarent
402 3056 435 3098 se
446 3034 524 3098 seire
535 3056 625 3118 posse
637 3033 757 3119 aliquid
773 3035 812 3097 de
827 3034 920 3099 rebus
936 3033 1064 3116 divinis,
1080 3033 1133 3098 sed
1145 3032 1284 3116 quicum

242 3154 313 3218 aliis
343 3154 513 3231 sexcentis,
545 3157 581 3217 nt
611 3154 679 3237 ipse
709 3155 771 3217 alio
794 3155 862 3218 loco
886 3153 979 3240 dicit,
1003 3153 1042 3216 de
1066 3153 1147 3217 asini
1170 3152 1283 3215 umbra

241 3273 476 3339 contenderent.
500 3274 526 3359 5)
556 3273 689 3351 Noster,
717 3273 834 3358 quippe
857 3274 913 3358 qui
936 3275 983 3337 nil
1007 3273 1180 3357 quidquam
1205 3272 1283 3336 certi

282 3568 305 3643 1)
328 3567 369 3625 (li.
393 3565 607 3635 Marrasion,
631 3565 787 3623 Nachhom.
811 3563 979 3641 (theologie,
1004 3586 1031 3643 p.
1055 3568 1125 3622 435.

282 3681 305 3757 2)
327 3683 369 3741 cf.
383 3683 490 3751 Casan,
499 3681 557 3740 Vir.
567 3681 641 3738 Clar.
655 3680 755 3737 Variae
767 3679 915 3736 Lectiones
923 3699 950 3756 p.
961 3683 1021 3742 217
1036 3725 1053 3749 „
1061 3677 1282 3738 insulsissimum
1331 3713 1334 3718 ,

239 3786 327 3864 inepti
354 3786 551 3843 homuncionis
579 3778 681 3860 opus.’'
706 3817 746 3826 —
773 3784 882 3852 Jncon,
906 3783 1126 3841 Charakteristik
1148 3805 1176 3861 p.
1203 3784 1281 3853 167,

241 3890 344 3967 quibus
356 3889 554 3947 adsentiuntur
577 3887 712 3956 Dindorf‚
737 3886 846 3943 Belkcr
869 3887 1119 3946 etSommerhrodt
1142 3889 1177 3964 (l.
1190 3884 1282 3962 XIX).

280 4005 304 4079 a)
327 4003 403 4062 Anu.
426 4003 489 4074 XV,
514 4007 565 4062 44.

279 4117 303 4194 4)
325 4119 369 4176 De
390 4125 481 4176 morte
503 4119 660 4194 Peregrini,
686 4120 734 4175 ll.
759 4119 808 4175 13.

279 4237 303 4310 5)
326 4235 538 4305 Hermotimus,
561 4235 592 4293 C.
619 4237 667 4296 71.
