3408 5180
892 541 934 610 58

390 757 445 846 qui
475 759 550 825 licet
579 781 813 846 nonnunquam
842 758 953 846 putide
984 765 1080 846 atque
1110 761 1229 826 insulse
1255 761 1434 848 scripserit,

389 882 497 945 temen
513 879 734 965 adjumentum
745 879 830 944 hcud
842 879 992 964 exiguum
1006 879 1117 945 attulit
1130 879 1170 944 ed
1181 878 1265 964 ipsos
1278 880 1435 966 sophistes

388 1001 421 1064 et
450 1000 587 1062 actatun
617 1019 682 1082 qua
704 997 871 1064 floruerint
893 998 1006 1064 melius
1029 997 1303 1082 cognoscendam,
1325 996 1435 1062 Philo·

388 1117 523 1182 stretum
554 1115 633 1180 dico.
665 1115 782 1182 Statim
813 1118 853 1181 ab
882 1117 976 1182 initio
1003 1117 1038 1180 in
1069 1138 1105 1184 eo
1131 1117 1214 1181 libro
1240 1117 1291 1182 cui
1316 1139 1434 1182 nornen

388 1236 453 1324 βίοι
464 1241 630 1318 σοφιστῶν,
645 1235 855 1301 Philostratus
869 1237 916 1301 ita
928 1237 1022 1303 dicit:
1035 1243 1092 1319 τὴν
1105 1238 1242 1323 ἀρχαίαν
1254 1242 1434 1319 σοφιστικὴν

390 1357 553 1440 ῥητορικὴν
576 1363 721 1439 η’γιῖσθαι
746 1362 800 1443 χρὴ
824 1355 1066 1439 φιλοσοφοῦσσιγ’
1092 1356 1270 1437 διαλέγεται
1292 1360 1350 1441 μὲν
1374 1362 1433 1442 γὰρ

388 1478 465 1560 ὑπὲρ
499 1461 546 1541 ὧν
580 1477 609 1540 oi
643 1475 893 1558 φιλοσοφοῦντες,
929 1479 951 1542 ἃ
981 1477 1010 1542 δ’
1043 1481 1156 1543 ἐκεῖνοι
1187 1481 1244 1552 τὰς
1275 1481 1433 1562 ἐρωτήσεις

387 1599 622 1678 ὑποκαθήμενοι
640 1598 692 1659 καὶ
710 1599 749 1660 τὰ
766 1599 878 1678 σμικρὰ
895 1601 959 1662 τῶν
975 1595 1173 1679 ζητουμένων
1189 1597 1433 1684 προβιβάζοιτις

389 1719 475 1780 οὔπω
489 1695 563 1796 φασὶ
581 1720 778 1795 γιγνώσκειν,
802 1715 897 1781 ταῦθ’
921 1715 1091 1790 σ’παλαιὸς
1114 1720 1257 1798 σοφιστὴς
1280 1719 1323 1790 ὡς
1343 1716 1433 1791 εἰδὼς

389 1834 483 1915 λέγει.
500 1834 544 1898 Et
566 1834 650 1898 idem
673 1834 762 1898 addit
777 1834 813 1898 in
827 1835 967 1899 eiusdem
989 1835 1065 1899 libri
1085 1835 1265 1920 prooemio:
1286 1841 1432 1918 σοφιστὰς

388 1957 417 2023 d'
434 1960 463 2022 ci
483 1955 612 2022 παλαιοὶ
634 1958 834 2039 increpator
855 1960 892 2025 οὐ
907 1963 1004 2040 μόνον
1020 1967 1086 2024 τῶν
1103 1961 1238 2042 ῥητόρων
1254 1961 1326 2032 τούς
1339 1963 1434 2044 ὑπερ-

387 2084 567 2159 wentana·
591 2102 623 2141 τι
647 2079 699 2140 καὶ
725 2075 895 2161 λαμπρούς,
916 2076 997 2141 ἀλλὰ
1017 2079 1070 2142 καὶ
1089 2082 1154 2144 τῶι
1171 2075 1347 2159 φιλοσόφων
1362 2080 1432 2152 τούς

386 2202 442 2266 cciv
463 2199 568 2284 εὐροίᾳ
585 2203 820 2283 ἑρμηνεύοισας.
838 2196 931 2262 Unde
947 2199 1096 2280 sequatur
1107 2217 1232 2260 necesse
1244 2199 1292 2259 est
1302 2196 1433 2260 nomine

385 2318 545 2404 sophistae
574 2317 637 2381 duo
667 2316 836 2381 homiuum
866 2337 982 2402 genera
1015 2313 1192 2399 designari,
1227 2314 1432 2398 philosophos

387 2443 419 2504 et
441 2439 591 2504 rhetores.
604 2437 690 2501 Olim
713 2457 812 2520 quum
834 2435 869 2500 in
894 2433 1027 2499 Graecia
1047 2432 1247 2519 philosophia
1268 2434 1432 2498 osummis

387 2557 463 2623 viris
503 2561 541 2620 ut
578 2554 731 2633 Platone,
775 2553 846 2618 aliis
888 2553 1043 2618 coleretur
1086 2551 1246 2636 sophistae
1281 2551 1433 2635 jacebant

387 2682 419 2742 et
441 2677 745 2753 contemnebantur,
769 2674 805 2740 iu
828 2697 865 2738 ea
891 2696 984 2739 scena
1003 2672 1060 2736 nbi
1078 2672 1238 2757 principes
1252 2671 1298 2735 illi
1313 2673 1432 2756 primas

385 2803 492 2884 partes
504 2798 660 2882 agebant,
673 2796 832 2882 sophistae
844 2795 963 2859 nullius
980 2793 1074 2879 pretii
1087 2798 1179 2858 erant
1191 2799 1430 2879 τριταγωνισταΙ

346 2967 351 2978 .
385 2917 439 2982 sed
451 2909 550 3002 quurn
561 2916 737 3000 primarum
751 2919 783 2979 et
802 2915 1011 2979 secundarum
1031 2913 1129 2977 etiam
1149 2913 1290 2997 partium
1310 2918 1431 2978 actores

385 3036 538 3101 abiissent
560 3035 627 3099 fieri
648 3056 714 3098 non
736 3037 862 3118 poterat
881 3033 961 3118 quin
979 3031 1028 3096 illi
1048 3033 1153 3097 locum
1172 3033 1212 3096 ab
1233 3032 1283 3096 his
1294 3055 1430 3097 vacuum

383 3157 530 3221 relictum
564 3157 763 3238 occuparent.
799 3152 989 3217 huminibus
1021 3151 1240 3236 philosophiae
1265 3152 1431 3216 exstinctis

385 3296 490 3339 merae
516 3274 656 3358 ineptiae
686 3277 718 3337 et
740 3271 929 3357 quisquiliae
952 3294 971 3335 a
994 3271 1195 3336 mediocriter
1217 3277 1273 3337 aut
1298 3272 1429 3336 omniuo

385 3415 447 3458 non
466 3393 566 3460 doctis
584 3415 642 3478 pro
654 3391 856 3477 philosophia
869 3379 1137 3477 venditabantur,
1157 3395 1190 3456 et
1201 3391 1367 3457 deficiente
1378 3392 1429 3457 vel

283 3538 286 3544 ·
384 3512 490 3596 potius
504 3513 600 3597 plane
622 3515 747 3576 mortua
759 3510 900 3595 genuina
911 3511 969 3574 illa
981 3510 1115 3596 antiqua
1127 3511 1308 3597 eloquentia
1320 3533 1428 3576 neces-

387 3707 592 3718 ———

383 3831 443 3888 und
459 3829 560 3888 Wcscn
576 3829 625 3887 des
642 3828 840 3894 Griechischcu
855 3829 989 3892 Romans.
1002 3829 1099 3894 Berlin
1113 3832 1210 3900 1867,
1223 3829 1262 3892 hl.
1276 3850 1298 3893 s.
1315 3834 1351 3888 56
1365 3850 1426 3907 sqq.

383 3967 423 3976 —
436 3932 638 4002 Bnununuur,
652 3933 807 3993 Grundriss
819 3933 869 3990 der
881 3933 1078 3991 Griechischen
1091 3933 1245 4003 Litcratur,
1259 3953 1287 4010 p.
1301 3935 1371 3992 611.
1387 3967 1426 3976 —

385 4035 545 4106 Wrsscwn,
558 4035 688 4111 Beitrtge
699 4055 747 4093 zur
758 4036 876 4094 iuueren
888 4036 1053 4094 Geschichte
1065 4037 1114 4093 des
1127 4037 1242 4094 zwciten
1255 4035 1427 4094 sechchrist-

381 4138 473 4197 lichen
498 4139 702 4197 Jahrhunderts
729 4159 779 4197 aus
805 4139 859 4198 den
884 4139 1021 4197 Schriften
1044 4138 1165 4198 Lucians
1187 4137 1228 4199 11·
1254 4139 1425 4218 Abteiluug,

384 4242 501 4308 Brcslau
525 4245 616 4308 1853,
