3408 5180
859 561 923 628 104

368 782 452 867 quod
474 781 665 846 luculentius
684 780 781 846 etiam
801 802 898 865 quam
917 781 1117 845 acerbissima
1133 782 1295 847 rhetorum
1307 783 1413 847 irrisio

366 900 401 965 in
431 901 576 996 reliquis,
599 900 692 965 nobis
719 901 941 964 demonstrant
964 922 1060 984 quam
1091 901 1201 984 inepta
1228 881 1268 964 et,
1282 902 1411 967 intiocta

367 1019 552 1104 plerumque
581 1020 722 1084 rhetores
753 1021 892 1103 prolerre
912 1020 1066 1114 solerent3
1090 1042 1171 1104 quae
1194 1021 1279 1084 euim
1309 1023 1412 1087 ethis

372 1136 489 1200 similia
523 1159 595 1202 oum
622 1137 758 1222 legimus
783 1138 919 1203 libenter
951 1139 1105 1204 credimus
1139 1161 1262 1204 summo
1299 1141 1413 1206 aetatis

372 1255 595 1339 imperatoriae
625 1256 763 1336 rhetori,
792 1258 849 1322 ubi
877 1257 953 1323 dicit
988 1259 1097 1322 «inter
1122 1259 1307 1344 praecipuas
1332 1282 1413 1344 quae

370 1379 609 1460 corrumperent
639 1376 853 1461 eloquentiam
881 1399 991 1442 causas
1013 1377 1109 1443 fuisse
1131 1377 1294 1442 licentiam
1317 1387 1413 1462 atque

370 1493 531 1558 inscitiam
551 1493 798 1559 declamantium
822 1496 871 1581 ¹)»
901 1500 932 1560 et
952 1495 1115 1560 rhetorum
1132 1517 1226 1560 omne
1244 1496 1368 1560 fatuum
1381 1501 1414 1562 et

371 1612 517 1697 ineptum
539 1633 640 1697 genus
662 1613 906 1678 contemnimus.
1316 1611 1319 1616 ’

417 1730 588 1796 Rhetorica
612 1732 704 1796 modo
735 1732 937 1817 indulgentia
960 1736 993 1797 et
1011 1734 1202 1799 liberalitate
1231 1732 1414 1819 principum

371 1851 505 1915 florebat
526 1855 559 1915 et
570 1853 764 1936 augebatur,
777 1853 870 1916 modo
883 1852 1023 1917 rhetores
1040 1854 1080 1918 ob
1092 1855 1226 1918 nimiam
1239 1857 1413 1940 παρρησίαν

371 1969 465 2032 exilio
501 1969 550 2034 vel
586 1974 688 2035 morte
718 1992 962 2054 nonnumquam
986 1972 1233 2037 mulctabantur.
1264 1973 1415 2058 Legimus

371 2085 521 2152 (lerinam
552 2089 723 2153 secundum
752 2093 910 2153 oratorem
939 2113 967 2154 a.
993 2089 1028 2155 0.
1052 2090 1195 2176 Caligula
1218 2093 1253 2157 in
1284 2094 1414 2160 exilium

339 2187 342 2192 ¹
373 2213 480 2273 actum
510 2211 558 2274 ὃτι
583 2209 676 2290 λόγον
700 2215 773 2276 τινὰ
796 2215 829 2277 ἐν
853 2215 1010 2295 γυμνασίᾳ
1035 2218 1116 2278 κατὰ
1139 2217 1300 2300 ruptionis
1328 2213 1414 2284 εἶπεν

373 2329 544 2414 eademque
578 2302 626 2394 de.
650 2351 744 2395 causa
779 2333 960 2396 Maternum
994 2357 1013 2397 a
1048 2333 1232 2400 Domitiano
1260 2337 1414 2420 supplicio

374 2447 522 2513 affectum
549 2470 624 2513 esse.
649 2445 672 2533 ²)
697 2448 912 2534 Vespasianus
936 2455 1042 2515 autem
1066 2456 1102 2516 ut
1121 2453 1190 2535 jam
1213 2476 1308 2538 supra
1331 2455 1414 2518 dixi-

372 2586 443 2634 mus
467 2589 574 2630 annua
596 2571 730 2632 centena
752 2588 769 2630 e
791 2568 865 2633 fisco
888 2568 1012 2633 Latinis
1029 2570 1218 2655 Graecisque
1234 2572 1415 2637 rhetoribus

373 2685 549 2752 constituit.
571 2687 774 2752 Domitianus
798 2693 830 2753 et
856 2711 969 2773 parum
999 2692 1131 2755 curabat
1149 2693 1253 2756 studia
1276 2697 1308 2757 et
1330 2697 1414 2758 artes

372 2803 534 2883 liberales,
558 2809 589 2870 et
608 2805 742 2871 nimiam
760 2807 924 2872 rhetorum
942 2809 1122 2873 libertatem
1138 2811 1272 2894 pessime
1288 2812 1414 2891 oderat,

374 3037 579 3048 ——-—-=-

416 3195 439 3283 1)
463 3206 601 3283 Quinctil.
625 3206 669 3277 II,
704 3207 753 3265 10.
784 3209 829 3250 ⁴-
862 3207 905 3266 Gf.
936 3207 971 3265 dc
998 3206 1144 3266 deficiente
1166 3209 1326 3286 eloquentia
1348 3211 1413 3269 Tac.

373 3311 449 3369 Dial.
479 3311 514 3369 ‹le
544 3310 593 3369 Or.
623 3310 654 3368 0.
680 3312 717 3367 26
742 3329 802 3387 sqq.
828 3345 867 3354 -
891 3309 998 3386 Operae
1020 3311 1140 3387 pretium
1160 3311 1272 3370 videtur
1294 3331 1414 3370 comme·

375 3433 499 3484 morere,
533 3417 590 3490 quo
624 3412 782 3491 exemplum
806 3432 864 3476 non
887 3413 974 3484 aliud,
1000 3414 1113 3490 opinor,
1138 3414 1173 3472 ad
1197 3434 1249 3472 nos
1271 3417 1413 3491 pervenit,

375 3518 464 3594 magis
486 3535 605 3594 arguens
629 3516 749 3593 ineptias
767 3517 970 3593 sophistarum,
988 3517 1169 3574 Polemonem
1181 3518 1216 3574 ad
1230 3518 1414 3576 Athenienses

373 3625 853 3696 itadiccntem.Philostrat.1,25:
869 3621 963 3700 φασὶν
976 3623 1055 3702 ὑμᾶς
1074 3614 1099 3684 ὦ
1111 3624 1279 3702 Αθηναῖοι
1304 3623 1414 3700 σοφούς

374 3723 455 3796 εἶναι
478 3731 633 3814 ἀκροατὰς
657 3726 775 3807 tityon:
801 3727 931 3810 εἵσομαι.

347 3913 350 3922 .
419 3839 442 3913 2)
464 3841 521 3897 Dio
544 3840 621 3898 Cass.
647 3843 702 3909 59,
727 3842 782 3908 20;
806 3840 862 3909 67,
888 3841 937 3896 12.
965 3838 1098 3896 Libenter
1124 3839 1246 3896 rhetores
1269 3840 1416 3897 exercendi

375 3951 464 4028 gratia
486 3949 517 4007 in
538 3953 673 4026 tyrannos
691 3948 846 4006 declamare
863 3946 1006 4017 solebant,
1019 3948 1052 4005 of.
1070 3945 1326 4024 Τυραννοκτόνος
1341 3947 1416 4024 apud

376 4053 529 4125 Nostrum,
553 4054 587 4112 cf.
610 4054 676 4112 Juv.
701 4053 771 4122 VII,
798 4055 874 4121 151,
892 4051 1031 4127 „perimit
1046 4069 1142 4108 saevos
1158 4050 1253 4107 classis
1268 4069 1416 4108 numerosa

374 4150 542 4233 tyrannos.”
565 4155 678 4214 Petron.
691 4154 726 4213 ab
738 4154 822 4212 initio
835 4159 989 4230 „tyrannos
1010 4153 1100 4210 edicta
1115 4147 1299 4211 scribentes.”
1313 4153 1416 4211 Seneca

374 4260 405 4317 in
427 4258 634 4317 controversiis.
