3372 5180
732 533 772 597 19

231 751 305 816 Nou
320 754 406 828 erat,
422 750 529 828 credo,
549 749 584 813 in
607 748 740 814 Graecia
766 750 801 813 in
823 749 879 813 illa
902 749 1001 814 effusa
1023 750 1064 814 ab
1086 748 1175 814 omni
1196 748 1269 836 fuco
1333 819 1336 823 ,

231 869 335 932 aliena
356 867 504 932 libertate
527 872 560 931 e't
575 867 778 951 simplicitate
800 867 968 958 loquendi,
993 889 1056 952 qna
1075 867 1124 930 uti
1143 866 1270 950 egregie

232 985 366 1050 cordatis
388 985 570 1049 hominibus
592 1007 715 1068 semper
738 1007 806 1049 mos
820 989 889 1049 erat
910 989 945 1050 τὸ
968 991 1061 1079 σῦκον
1084 991 1189 1064 σῦκον,
1213 990 1271 1066 τὴν

232 1109 351 1186 σκάφην
373 1109 494 1187 σκάφην
518 1123 640 1186 semper
662 1079 797 1182 aava,
818 1103 951 1166 verbum
971 1103 1073 1167 ullum
1095 1103 1216 1167 foedius
1239 1107 1271 1168 et

232 1222 421 1306 despicatins
443 1243 539 1305 quam
561 1220 640 1284 illud
659 1221 764 1304 ipsum
787 1221 973 1307 τραγῳδεῖν.
997 1222 1037 1286 In
1060 1244 1113 1287 ore
1135 1226 1183 1286 est
1201 1235 1270 1285 om-

232 1341 320 1404 nium
347 1345 380 1405 et
409 1331 570 1424 siguificat
599 1361 842 1424 nonnumquam
863 1341 940 1405 ¹tere
969 1341 1053 1404 idem
1087 1363 1124 1405 ac
1152 1335 1274 1425 ληρεῖν,’

232 1459 290 1523 hoc
312 1463 375 1522 est:
398 1458 530 1543 tragicis
564 1462 597 1522 et
629 1458 712 1522 fictis
734 1441 897 1522 vocabulis
928 1479 1120 1544 exaggerare
1150 1458 1270 1543 aliquid

231 1583 264 1642 et
285 1578 417 1643 delirare
440 1578 584 1661 denique.
609 1577 649 1641 In
670 1577 725 1641 illo
741 1577 874 1641 Luciaui
888 1577 1032 1663 dialogo,
1049 1578 1087 1642 de
1103 1599 1166 1662 quo
1185 1599 1270 1641 nuuc

232 1719 331 1780 pauca
343 1696 445 1761 dicere
456 1696 491 1758 in
504 1696 612 1760 animo
625 1699 681 1772 cst,
693 1700 711 1761 ὁ
723 1698 800 1770 Ζεδς
812 1697 976 1782 τραγῳδεῖ.
993 1695 1110 1761 Statim
1126 1696 1166 1759 ab
1177 1696 1272 1759 initio

231 1815 400 1879 admodum
423 1812 606 1899 ponderosis
628 1818 660 1878 et
682 1814 950 1898 sesquipedalibus
964 1813 1128 1901 ‚vocabulis
1147 1834 1186 1876 ex
1202 1812 1270 1875 Ho-

232 1953 316 1995 mero
332 1935 365 1995 et
379 1931 551 2016 tragoediis
566 1931 739 2014 desumptis
762 1931 795 1995 di
817 1930 902 1994 inter
924 1951 990 1994 sese
1006 1927 1268 2003 confabulantur,

231 2050 304 2132 quia
316 2054 352 2113 ut
364 2049 513 2134 luppiter
524 2049 721 2113 demonstrat
739 2053 926 2135 intexturam
944 2053 984 2114 τὰ
1000 2052 1086 2114 θεῶν
1102 2054 1270 2133 πράγματα

230 2170 396 2230 versantur
410 2170 540 2251 propter
554 2166 791 2230 contentionem
804 2167 939 2231 duorum
956 2165 1154 2252 litigantium
1166 2164 1270 2248 philo·

230 2283 406 2367 sophorum.
431 2283 470 2348 In
492 2282 605 2346 Piraeo
628 2283 713 2346 enim
742 2284 889 2348 rixantur
911 2285 1067 2349 'I'imocles
1091 2282 1215 2348 Stoicus
1239 2285 1286 2356 et

232 2399 343 2502 Damio
364 2399 539 2484 Epicureus
560 2404 628 2486 περὶ
653 2408 707 2482 τῆς
729 2405 888 2486 προνοίας.
914 2401 1025 2466 Damis
1046 2421 1181 2465 necesse
1198 2400 1271 2462 deos

231 2518 391 2602 perhibet,
412 2540 514 2604 neque
533 2520 664 2583 omnino
680 2541 717 2582 ea
729 2540 809 2603 quae
820 2521 903 2584 fiunt
914 2519 1067 2603 inspicere
1079 2520 1135 2581 aut
1150 2538 1271 2581 curare.

231 2636 352 2702 Notum
374 2643 443 2703 erat
463 2638 544 2702 illud
567 2639 699 2722 Epicuri
722 2642 777 2706 οὐκ
801 2643 866 2706 ἔστι
889 2645 1031 2725 πρόνοια.
1053 2637 1138 2722 (οὐδὲ
1155 2641 1271 2721 πόρνης

232 2757 331 2839 δόγμα
350 2756 478 2820 additur
494 2756 578 2840 apud
598 2756 760 2844 Gellium).
775 2760 799 2844 ¹)
816 2759 965 2844 luppiter
977 2761 1062 2821 metu
1075 2755 1272 2820 excruciatur

233 2897 290 2953 ne,
313 2879 350 2939 ut
378 2875 445 2959 ipse
474 2875 612 2960 profert,
635 2898 744 2941 omnes
765 2877 911 2942 homines
936 2877 1067 2940 credant
1088 2873 1217 2938 Damidi
1240 2876 1272 2936 et

232 2992 291 3057 diis
318 2992 442 3057 debitos
471 2992 606 3057 honores
637 2998 669 3057 et
696 2994 848 3059 sacrificia
879 2994 1039 3057 abnuant:
1071 2996 1097 3056 εί
1128 2992 1157 3058 δ’
1188 2978 1272 3057 οὗτοι

233 3120 389 3178 πεισθεῖεν
406 3117 426 3194 ἤ
439 3111 516 3194 μηδὲ
532 3111 610 3188 ὅλως
626 3119 705 3194 ἡμᾶς
722 3109 802 3179 εἶναι
819 3120 840 3196 η’
854 3117 948 3188 ὄντας
963 3113 1174 3197 οίπρονοητονς
1191 3106 1272 3176 εἶναι

233 3236 319 3312 σφῶν
342 3233 461 3311 αὐτῶν,
485 3237 593 3297 ἄθυτα
623 3235 676 3297 καί
694 3232 850 3318 οίμίραστα
866 3234 919 3296 καί
936 3232 1072 3314 ἀτίμητα
1094 3237 1169 3312 ἡμῖν
1186 3231 1272 3293 ἔσται

234 3352 298 3428 τοίκγ
316 3358 371 3433 γῆς
395 3352 447 3416 καί
470 3357 573 3434 μάτην
597 3355 631 3418 ίν
645 3354 768 3437 οὐρανῷ
787 3351 1009 3433 καθεδούμεθα
1025 3348 1104 3434 λιμῷ
1122 3353 1271 3437 ἐχόμενοι.

234 3465 302 3541 Quo
333 3471 420 3530 metu
454 3469 616 3552 perculsus
651 3469 725 3533 deos
748 3489 857 3532 omues
891 3471 924 3531 et
945 3467 1026 3530 'deas
1059 3470 1212 3530 convocat
1238 3465 1272 3526 in

233 3584 414 3649 contionem
437 3587 572 3671 utquid
595 3587 693 3650 arduo
720 3585 776 3650 illo
798 3585 929 3670 negotio
951 3583 1131 3649 faciendum
1154 3583 1197 3648 sit
1218 3583 1272 3646 de-

233 3701 378 3766 liberent.
403 3701 514 3768 Oritur
536 3705 620 3768 inter
642 3705 716 3769 deos
738 3704 823 3788 ipsos
838 3704 908 3768 rixa
930 3702 1030 3766 futilis
1049 3702 1121 3785 quis
1143 3683 1274 3765 haberet

234 3821 413 3907 προεδρίαν,
448 3844 525 3886 nam
558 3822 733 3887 Mercurius
762 3822 833 3886 illos
852 3824 942 3906 jussu
964 3821 1054 3885 Jovis
1080 3820 1273 3903 πλουτίνδην

235 4043 440 4054 ...υ-

278 4181 302 4260 1)
325 4182 363 4240 u.
388 4183 421 4242 a
445 4181 504 4253 rx,
530 4186 556 4240 ο.
