3372 5180
779 587 821 652 43

327 805 437 890 Neque
467 806 529 871 hoo
557 806 625 871 loeo
655 805 921 892 praetereundus,
957 806 1083 872 videtur
1112 828 1206 892 quern
1240 807 1326 872 iuter

283 926 418 991 Luciani
446 925 592 1011 aequales
619 925 688 1010 jam
718 947 813 1010 supra
847 927 1110 1003 memoravimus,
1145 925 1181 991 P.
1219 926 1325 990 Aelius

284 1045 457 1123 Aristides,
487 1045 694 1131 philosophus
718 1046 954 1130 superstitiosus
976 1046 1148 1110 admodum
1171 1050 1202 1110 et
1225 1068 1325 1129 paene

284 1163 461 1242 fanaticus;
485 1162 573 1227 ouius
596 1161 724 1249 puerilis
746 1164 811 1227 fore
834 1164 970 1229 dixerim
993 1149 1162 1230 credulitas
1180 1169 1269 1249 patet
1288 1188 1327 1230 ex

285 1281 324 1346 iis
339 1303 421 1366 quae
436 1285 547 1345 narrat
563 1281 600 1345 de
615 1279 747 1344 somniis
763 1281 825 1345 sibi
839 1304 895 1366 per
912 1282 1067 1367 quietem,
1084 1305 1328 1368 nonnumquam

287 1402 382 1466 etiam
413 1400 580 1487 vigilanti,
610 1400 736 1468 oblatis.
762 1394 789 1483 ¹)
827 1399 998 1485 Postquam
1027 1401 1130 1466 Roma
1153 1401 1236 1466 faeta
1261 1405 1330 1467 erat

286 1525 381 1605 oaput
401 1519 541 1585 domitae
563 1524 666 1585 terrae
688 1520 799 1605 utique
821 1524 899 1585 tuno
922 1529 1034 1601 notae,
1057 1520 1152 1585 simul
1176 1543 1248 1586 oum
1267 1545 1329 1585 nu-

288 1663 374 1705 mero
405 1641 658 1725 provinciarum,
690 1642 842 1705 numerus
865 1641 995 1705 deorum
1019 1644 1050 1706 et
1073 1640 1203 1706 dearum
1226 1641 1330 1706 inore-

288 1761 427 1826 dibiliter
449 1766 562 1828 auotus
578 1766 655 1826 erat.
680 1761 755 1828 Jam
778 1763 819 1827 ab
840 1784 876 1827 eo
891 1762 966 1826 inde
982 1766 1124 1847 tempore
1139 1762 1196 1827 ubi
1211 1761 1332 1848 Magna

289 1883 392 1946 Mater
422 1904 460 1946 ex
490 1882 632 1967 Phrygia
661 1881 799 1947 Romam
828 1885 1009 1948 transvecta
1040 1887 1137 1960 esset,
1169 1906 1242 1948 vere
1276 1883 1332 1948 illa

289 2001 380 2079 urbs,
411 2001 450 2064 ut
479 2000 612 2066 Ovidius
642 2001 747 2079 canit,
778 2003 895 2087 dIgnus
925 2002 1012 2067 locus
1042 2001 1103 2066 fuit
1140 2024 1227 2088 «quo
1257 2003 1333 2068 deus

292 2122 396 2186 omnis
419 2124 506 2184 eat.»
535 2121 691 2197 Querulus
714 2121 919 2185 historiarum
942 2123 1094 2206 scriptor,
1118 2127 1222 2186 aetate
1233 2123 1335 2208 impe·

274 2243 425 2320 ratoria,
450 2243 530 2306 alter
553 2246 589 2306 ut
612 2242 659 2306 ita
682 2242 785 2307 dicam
805 2242 948 2320 Momus,
972 2243 1108 2307 Romam
1125 2244 1237 2308 urbem
1253 2243 1334 2308 dixit

296 2384 383 2446 «quo
415 2365 531 2427 cuneta
561 2361 701 2447 undique
731 2363 851 2426 atrocia
882 2367 939 2427 aut
968 2362 1116 2447 pudenda
1150 2362 1333 2439 confluunt,

292 2482 564 2566 celebranturque.
591 2482 658 2546 Hos
681 2504 804 2567 quoque
828 2482 1012 2567 peregrinos
1035 2482 1109 2546 deos
1120 2482 1155 2545 in
1168 2481 1246 2547 ooeli
1258 2481 1335 2547 oiri-

292 2603 390 2665 tatem
413 2604 555 2685 receptos
578 2600 738 2665 Lucienus
760 2601 819 2665 suh
835 2601 936 2666 Momi
948 2623 1099 2686 persona,
1112 2605 1150 2666 ut
1158 2602 1225 2686 jam
1239 2623 1335 2685 supra

293 2720 447 2798 vidimus,
476 2720 680 2785 vehementer
702 2721 892 2806 impugnat,
915 2721 1047 2806 illosque
1070 2721 1125 2806 qui
1148 2725 1215 2786 tam
1239 2722 1336 2786 effuse

292 2839 454 2904 civitatem
484 2860 557 2903 oum
585 2838 763 2924 peregrinis
793 2839 1068 2904 communicarent
1099 2839 1183 2925 ipsos
1199 2840 1334 2926 jamjam

293 2958 332 3021 ad
369 2949 467 3022 fin‘em
506 2979 675 3043 properare
720 2959 819 3042 probe
866 2958 1034 3025 intellexit.
1084 2958 1191 3024 Sensit
1233 2959 1336 3025 cultus

293 3078 444 3162 antiquus
467 3078 607 3142 subsidio
630 3077 691 3141 sibi
713 3100 792 3162 opus
815 3100 898 3154 esse,
913 3078 1008 3162 idque
1023 3078 1161 3162 reperire
1176 3078 1336 3143 sihivide-

294 3199 390 3262 batur
420 3220 459 3261 ex
485 3201 554 3262 toto
589 3197 644 3261 illo
667 3218 764 3282 grege
791 3197 1054 3282 alienIgeuorum.
1083 3198 1191 3282 Vulgo
1214 3197 1337 3281 perspi·
1391 3174 1393 3180 ἲ

295 3317 430 3382 oaoiores
465 3317 551 3381 huno
586 3317 715 3380 modum
750 3317 866 3402 agendi
901 3317 1098 3381 damnabant
1132 3321 1164 3381 et
1194 3317 1267 3380 inde
1299 3317 1337 3382 de

295 3437 396 3501 salute
416 3437 586 3521 antiquum
606 3437 727 3501 cultum
740 3437 890 3502 dimicare
902 3436 1111 3522 colligebant3
1124 3442 1216 3501 erant
1231 3442 1338 3501 autem

296 3557 350 3640 qui
374 3576 411 3620 ea
423 3577 457 3619 re
469 3557 662 3640 gauderent,
674 3559 706 3620 et
717 3555 915 3642 argumentis
927 3578 944 3620 e
955 3555 1154 3640 philosophia
1166 3558 1339 3641 utcumque

308 3797 489 3808 —--—-

340 3968 363 4047 ¹)
385 3972 427 4030 cf.
459 3991 485 4031 v.
517 3993 541 4032 o.
572 3973 682 4031 Aristid
711 3972 760 4033 Or.
784 3973 895 4042 XXVI,
923 3993 950 4050 p.
982 3975 1060 4044 333,
1088 3973 1184 4045 XLII,
1211 3994 1238 4051 p.
1265 3977 1340 4046 520,

297 4073 434 4146 XXXIII,
460 4096 487 4152 p.
512 4080 588 4148 290,
614 4077 765 4148 XXXVII,
790 4098 817 4155 p.
842 4079 919 4147 351,
943 4076 1054 4148 XXVI,
1083 4099 1110 4156 p.
1133 4081 1207 4148 323,
1231 4077 1338 4148 XXIV,

298 4196 325 4252 p.
354 4181 426 4236 300.
449 4177 683 4250 Famumiunna,
709 4180 926 4258 Darstellungen
949 4199 999 4239 aus
1022 4181 1072 4240 der
1094 4179 1343 4258 Sittengesohiohte
1417 4257 1420 4266 γ

298 4280 402 4352 Roms,
427 4281 487 4351 III,
509 4302 536 4360 p.
562 4284 634 4341 440.
