<?xml version="1.0" encoding="UTF-8"?>
<!DOCTYPE html PUBLIC "-//W3C//DTD XHTML 1.0 Transitional//EN"
    "http://www.w3.org/TR/xhtml1/DTD/xhtml1-transitional.dtd">
<html xmlns="http://www.w3.org/1999/xhtml" xml:lang="en" lang="en">
 <head>
  <title>
</title>
<meta http-equiv="Content-Type" content="text/html;charset=utf-8" />
  <meta name='ocr-system' content='tesseract 3.04.00' />
  <meta name='ocr-capabilities' content='ocr_page ocr_carea ocr_par ocr_line ocrx_word'/>
</head>
<body>
  <div class='ocr_page' id='page_1' title='image "./delucianoaequal00marggoog/delucianoaequal00marggoog_0020.png"; bbox 0 0 3372 5180; ppageno 0'>
   <div class='ocr_carea' id='block_1_1' title="bbox 793 571 813 634">
    <p class='ocr_par' dir='ltr' id='par_1_1' title="bbox 793 571 813 634">
     <span class='ocr_line' id='line_1_1' title="bbox 793 571 813 634; baseline 0 -3"><span class='ocrx_word' id='word_1_1' title='bbox 793 571 813 634; x_wconf 88' lang='grc'><strong>3</strong></span> 
     </span>
    </p>
   </div>
   <div class='ocr_carea' id='block_1_2' title="bbox 276 781 1401 4319">
    <p class='ocr_par' dir='ltr' id='par_1_2' title="bbox 276 781 1401 4062">
     <span class='ocr_line' id='line_1_2' title="bbox 279 781 1320 882; baseline 0.002 -32"><span class='ocrx_word' id='word_1_2' title='bbox 279 787 334 851; x_wconf 85' lang='lat' dir='ltr'>illa</span> <span class='ocrx_word' id='word_1_3' title='bbox 369 791 474 852; x_wconf 88' lang='lat' dir='ltr'>aetate</span> <span class='ocrx_word' id='word_1_4' title='bbox 507 787 668 871; x_wconf 84' lang='lat' dir='ltr'>praeclara</span> <span class='ocrx_word' id='word_1_5' title='bbox 690 781 832 882; x_wconf 24' lang='lat' dir='ltr'>&#39;ingenia</span> <span class='ocrx_word' id='word_1_6' title='bbox 866 787 1023 851; x_wconf 85' lang='lat' dir='ltr'>nonnulle</span> <span class='ocrx_word' id='word_1_7' title='bbox 1053 808 1144 871; x_wconf 83' lang='lat' dir='ltr'>quae.</span> <span class='ocrx_word' id='word_1_8' title='bbox 1163 787 1320 852; x_wconf 88' lang='lat' dir='ltr'>instinctu</span> 
     </span>
     <span class='ocr_line' id='line_1_3' title="bbox 279 905 1320 990; baseline 0.001 -20"><span class='ocrx_word' id='word_1_9' title='bbox 279 907 370 990; x_wconf 89' lang='lat' dir='ltr'>quasi</span> <span class='ocrx_word' id='word_1_10' title='bbox 390 906 512 982; x_wconf 65' lang='lat' dir='ltr'>‚divino</span> <span class='ocrx_word' id='word_1_11' title='bbox 543 905 667 983; x_wconf 86' lang='lat' dir='ltr'>afflata,</span> <span class='ocrx_word' id='word_1_12' title='bbox 698 907 796 990; x_wconf 88' lang='lat' dir='ltr'>probe</span> <span class='ocrx_word' id='word_1_13' title='bbox 826 906 982 970; x_wconf 73' lang='lat' dir='ltr'><strong>sentirent</strong></span> <span class='ocrx_word' id='word_1_14' title='bbox 1013 909 1045 969; x_wconf 89' lang='lat' dir='ltr'>et</span> <span class='ocrx_word' id='word_1_15' title='bbox 1074 906 1219 971; x_wconf 85' lang='lat' dir='ltr'>riderent</span> <span class='ocrx_word' id='word_1_16' title='bbox 1240 906 1320 972; x_wconf 90' lang='lat' dir='ltr'>haee</span> 
     </span>
     <span class='ocr_line' id='line_1_4' title="bbox 279 1026 1318 1110; baseline 0 -19"><span class='ocrx_word' id='word_1_17' title='bbox 279 1027 386 1091; x_wconf 88' lang='lat' dir='ltr'>omnia</span> <span class='ocrx_word' id='word_1_18' title='bbox 410 1027 449 1090; x_wconf 89' lang='lat' dir='ltr'>ad</span> <span class='ocrx_word' id='word_1_19' title='bbox 473 1027 570 1091; x_wconf 89' lang='lat' dir='ltr'>finem</span> <span class='ocrx_word' id='word_1_20' title='bbox 593 1049 760 1110; x_wconf 88' lang='lat' dir='ltr'>properare</span> <span class='ocrx_word' id='word_1_21' title='bbox 783 1030 815 1090; x_wconf 89' lang='lat' dir='ltr'>et</span> <span class='ocrx_word' id='word_1_22' title='bbox 838 1026 969 1102; x_wconf 88' lang='lat' dir='ltr'>collabi,</span> <span class='ocrx_word' id='word_1_23' title='bbox 993 1047 1130 1109; x_wconf 90' lang='lat' dir='ltr'>quorum</span> <span class='ocrx_word' id='word_1_24' title='bbox 1153 1026 1234 1090; x_wconf 90' lang='lat' dir='ltr'>alius</span> <span class='ocrx_word' id='word_1_25' title='bbox 1254 1027 1318 1091; x_wconf 88' lang='lat' dir='ltr'>alio</span> 
     </span>
     <span class='ocr_line' id='line_1_5' title="bbox 280 1145 1318 1234; baseline 0.002 -26"><span class='ocrx_word' id='word_1_26' title='bbox 280 1146 372 1209; x_wconf 92' lang='lat' dir='ltr'>modo</span> <span class='ocrx_word' id='word_1_27' title='bbox 395 1167 453 1229; x_wconf 92' lang='lat' dir='ltr'>pro</span> <span class='ocrx_word' id='word_1_28' title='bbox 477 1150 592 1209; x_wconf 88' lang='lat' dir='ltr'>natura</span> <span class='ocrx_word' id='word_1_29' title='bbox 615 1145 771 1234; x_wconf 89' lang='lat' dir='ltr'>etindole</span> <span class='ocrx_word' id='word_1_30' title='bbox 794 1146 961 1228; x_wconf 69' lang='lat' dir='ltr'>maiusque,</span> <span class='ocrx_word' id='word_1_31' title='bbox 985 1145 1094 1208; x_wconf 87' lang='lat' dir='ltr'>omnia</span> <span class='ocrx_word' id='word_1_32' title='bbox 1107 1167 1187 1229; x_wconf 89' lang='lat' dir='ltr'>quae</span> <span class='ocrx_word' id='word_1_33' title='bbox 1199 1147 1318 1210; x_wconf 90' lang='lat' dir='ltr'>circum</span> 
     </span>
     <span class='ocr_line' id='line_1_6' title="bbox 279 1262 1315 1347; baseline 0 -21"><span class='ocrx_word' id='word_1_34' title='bbox 279 1268 479 1340; x_wconf 87' lang='lat' dir='ltr'>secerneret,</span> <span class='ocrx_word' id='word_1_35' title='bbox 499 1263 710 1347; x_wconf 73' lang='lat' dir='ltr'>improbaret,</span> <span class='ocrx_word' id='word_1_36' title='bbox 728 1262 981 1346; x_wconf 90' lang='lat' dir='ltr'>reprehenderet,</span> <span class='ocrx_word' id='word_1_37' title='bbox 994 1262 1160 1326; x_wconf 87' lang='lat' dir='ltr'>damnaret</span> <span class='ocrx_word' id='word_1_38' title='bbox 1171 1262 1315 1346; x_wconf 88' lang='lat' dir='ltr'>denique.</span> 
     </span>
     <span class='ocr_line' id='line_1_7' title="bbox 278 1363 1401 1467; baseline 0.002 -21"><span class='ocrx_word' id='word_1_39' title='bbox 278 1363 407 1447; x_wconf 82' lang='lat' dir='ltr'>Tacitus</span> <span class='ocrx_word' id='word_1_40' title='bbox 430 1383 534 1448; x_wconf 86' lang='lat' dir='ltr'>verbis</span> <span class='ocrx_word' id='word_1_41' title='bbox 557 1383 765 1448; x_wconf 90' lang='lat' dir='ltr'>contumeliae</span> <span class='ocrx_word' id='word_1_42' title='bbox 787 1383 891 1467; x_wconf 89' lang='lat' dir='ltr'>plenis</span> <span class='ocrx_word' id='word_1_43' title='bbox 914 1386 946 1446; x_wconf 91' lang='lat' dir='ltr'>et</span> <span class='ocrx_word' id='word_1_44' title='bbox 965 1383 1114 1460; x_wconf 88' lang='lat' dir='ltr'>morosis,</span> <span class='ocrx_word' id='word_1_45' title='bbox 1138 1383 1317 1460; x_wconf 84' lang='lat' dir='ltr'>Iuvenalis,</span> <span class='ocrx_word' id='word_1_46' title='bbox 1398 1459 1401 1464; x_wconf 82' lang='lat'><em>.</em></span> 
     </span>
     <span class='ocr_line' id='line_1_8' title="bbox 279 1502 1312 1585; baseline -0.003 -19"><span class='ocrx_word' id='word_1_47' title='bbox 279 1503 330 1566; x_wconf 90' lang='lat' dir='ltr'>cni</span> <span class='ocrx_word' id='word_1_48' title='bbox 360 1507 396 1566; x_wconf 89' lang='lat' dir='ltr'>ut</span> <span class='ocrx_word' id='word_1_49' title='bbox 418 1502 485 1585; x_wconf 90' lang='lat' dir='ltr'>ipse</span> <span class='ocrx_word' id='word_1_50' title='bbox 508 1502 619 1566; x_wconf 88' lang='lat' dir='ltr'>asserit</span> <span class='ocrx_word' id='word_1_51' title='bbox 648 1502 796 1566; x_wconf 89' lang='lat' dir='ltr'>‹difficile</span> <span class='ocrx_word' id='word_1_52' title='bbox 820 1507 889 1566; x_wconf 90' lang='lat' dir='ltr'>erat</span> <span class='ocrx_word' id='word_1_53' title='bbox 911 1503 1042 1566; x_wconf 87' lang='lat' dir='ltr'>satiram</span> <span class='ocrx_word' id='word_1_54' title='bbox 1065 1517 1132 1566; x_wconf 75' lang='lat' dir='ltr'>n‘on</span> <span class='ocrx_word' id='word_1_55' title='bbox 1155 1503 1312 1567; x_wconf 82' lang='lat' dir='ltr'>scrihere»</span> 
     </span>
     <span class='ocr_line' id='line_1_9' title="bbox 277 1620 1318 1710; baseline 0.002 -26"><span class='ocrx_word' id='word_1_56' title='bbox 277 1620 424 1685; x_wconf 82' lang='lat' dir='ltr'>irrisione</span> <span class='ocrx_word' id='word_1_57' title='bbox 446 1622 647 1685; x_wconf 90' lang='lat' dir='ltr'>acerbissima</span> <span class='ocrx_word' id='word_1_58' title='bbox 667 1628 698 1686; x_wconf 90' lang='lat' dir='ltr'>et</span> <span class='ocrx_word' id='word_1_59' title='bbox 714 1633 878 1710; x_wconf 80' lang='grc' dir='ltr'><strong><em>σαρκασμῷ</em></strong></span> <span class='ocrx_word' id='word_1_60' title='bbox 894 1626 926 1686; x_wconf 90' lang='lat' dir='ltr'>et</span> <span class='ocrx_word' id='word_1_61' title='bbox 941 1626 1050 1686; x_wconf 87' lang='lat' dir='ltr'>noster</span> <span class='ocrx_word' id='word_1_62' title='bbox 1064 1644 1189 1706; x_wconf 88' lang='lat' dir='ltr'>quoque</span> <span class='ocrx_word' id='word_1_63' title='bbox 1205 1645 1318 1706; x_wconf 89' lang='lat' dir='ltr'>quarn-</span> 
     </span>
     <span class='ocr_line' id='line_1_10' title="bbox 279 1743 1319 1828; baseline 0.001 -22"><span class='ocrx_word' id='word_1_64' title='bbox 279 1764 375 1825; x_wconf 89' lang='lat' dir='ltr'>quam</span> <span class='ocrx_word' id='word_1_65' title='bbox 405 1743 578 1807; x_wconf 86' lang='lat' dir='ltr'>acerbitate</span> <span class='ocrx_word' id='word_1_66' title='bbox 607 1743 782 1806; x_wconf 85' lang='lat' dir='ltr'>luvenalis</span> <span class='ocrx_word' id='word_1_67' title='bbox 799 1765 1000 1828; x_wconf 82' lang='lat' dir='ltr'>nequaquam</span> <span class='ocrx_word' id='word_1_68' title='bbox 1023 1743 1152 1821; x_wconf 88' lang='lat' dir='ltr'>similis,</span> <span class='ocrx_word' id='word_1_69' title='bbox 1176 1747 1319 1808; x_wconf 75' lang='lat' dir='ltr'><strong>attamen</strong></span> 
     </span>
     <span class='ocr_line' id='line_1_11' title="bbox 279 1861 1318 1945; baseline 0.002 -21"><span class='ocrx_word' id='word_1_70' title='bbox 279 1861 306 1924; x_wconf 92' lang='lat' dir='ltr'>si</span> <span class='ocrx_word' id='word_1_71' title='bbox 335 1862 405 1945; x_wconf 91' lang='lat' dir='ltr'>quis</span> <span class='ocrx_word' id='word_1_72' title='bbox 428 1862 508 1925; x_wconf 88' lang='lat' dir='ltr'>alius</span> <span class='ocrx_word' id='word_1_73' title='bbox 531 1862 711 1925; x_wconf 89' lang='lat' dir='ltr'>ludificator</span> <span class='ocrx_word' id='word_1_74' title='bbox 733 1865 765 1926; x_wconf 92' lang='lat' dir='ltr'>et</span> <span class='ocrx_word' id='word_1_75' title='bbox 785 1861 912 1939; x_wconf 84' lang='lat' dir='ltr'>irrisor,</span> <span class='ocrx_word' id='word_1_76' title='bbox 936 1885 1060 1926; x_wconf 85' lang='lat' dir='ltr'>summo</span> <span class='ocrx_word' id='word_1_77' title='bbox 1083 1885 1156 1927; x_wconf 90' lang='lat' dir='ltr'>cum</span> <span class='ocrx_word' id='word_1_78' title='bbox 1178 1863 1263 1926; x_wconf 89' lang='lat' dir='ltr'>fastu</span> <span class='ocrx_word' id='word_1_79' title='bbox 1286 1867 1318 1927; x_wconf 89' lang='lat' dir='ltr'>et</span> 
     </span>
     <span class='ocr_line' id='line_1_12' title="bbox 278 1978 1316 2067; baseline 0.001 -22"><span class='ocrx_word' id='word_1_80' title='bbox 278 1983 463 2064; x_wconf 86' lang='lat' dir='ltr'>contemptu</span> <span class='ocrx_word' id='word_1_81' title='bbox 475 1981 583 2046; x_wconf 89' lang='lat' dir='ltr'>omnia</span> <span class='ocrx_word' id='word_1_82' title='bbox 594 1985 721 2045; x_wconf 84' lang='lat' dir='ltr'>tractat.</span> <span class='ocrx_word' id='word_1_83' title='bbox 735 1980 797 2044; x_wconf 89' lang='lat' dir='ltr'>Dio</span> <span class='ocrx_word' id='word_1_84' title='bbox 810 1978 1063 2064; x_wconf 85' lang='lat' dir='ltr'>Chrysostonms,</span> <span class='ocrx_word' id='word_1_85' title='bbox 1076 1983 1316 2067; x_wconf 85' lang='lat' dir='ltr'>generosissima</span> 
     </span>
     <span class='ocr_line' id='line_1_13' title="bbox 278 2095 1347 2186; baseline 0.002 -24"><span class='ocrx_word' id='word_1_86' title='bbox 278 2095 383 2165; x_wconf 86' lang='lat' dir='ltr'>indole</span> <span class='ocrx_word' id='word_1_87' title='bbox 398 2101 569 2185; x_wconf 88' lang='lat' dir='ltr'>praeditus,</span> <span class='ocrx_word' id='word_1_88' title='bbox 581 2101 750 2184; x_wconf 85' lang='lat' dir='ltr'>imperinm</span> <span class='ocrx_word' id='word_1_89' title='bbox 762 2101 943 2166; x_wconf 85' lang='lat' dir='ltr'>Romanum</span> <span class='ocrx_word' id='word_1_90' title='bbox 957 2103 1139 2186; x_wconf 82' lang='lat' dir='ltr'>peragravit</span> <span class='ocrx_word' id='word_1_91' title='bbox 1152 2107 1188 2167; x_wconf 90' lang='lat' dir='ltr'>ut</span> <span class='ocrx_word' id='word_1_92' title='bbox 1199 2102 1317 2186; x_wconf 92' lang='lat' dir='ltr'>ubique</span> <span class='ocrx_word' id='word_1_93' title='bbox 1345 2130 1347 2133; x_wconf 58' lang='grc'>’</span> 
     </span>
     <span class='ocr_line' id='line_1_14' title="bbox 279 2219 1318 2304; baseline 0 -22"><span class='ocrx_word' id='word_1_94' title='bbox 279 2241 387 2303; x_wconf 84' lang='lat' dir='ltr'>aspere</span> <span class='ocrx_word' id='word_1_95' title='bbox 420 2219 686 2303; x_wconf 84' lang='lat' dir='ltr'>vehementerque</span> <span class='ocrx_word' id='word_1_96' title='bbox 708 2219 866 2303; x_wconf 91' lang='lat' dir='ltr'>loquendo</span> <span class='ocrx_word' id='word_1_97' title='bbox 890 2220 1132 2304; x_wconf 88' lang='lat' dir='ltr'>aequaliumque</span> <span class='ocrx_word' id='word_1_98' title='bbox 1155 2225 1318 2303; x_wconf 89' lang='lat' dir='ltr'>corruptos</span> 
     </span>
     <span class='ocr_line' id='line_1_15' title="bbox 280 2337 1317 2422; baseline -0.001 -22"><span class='ocrx_word' id='word_1_99' title='bbox 280 2359 381 2402; x_wconf 87' lang='lat' dir='ltr'>mores</span> <span class='ocrx_word' id='word_1_100' title='bbox 412 2338 627 2414; x_wconf 90' lang='lat' dir='ltr'>emendando,</span> <span class='ocrx_word' id='word_1_101' title='bbox 659 2337 882 2401; x_wconf 90' lang='lat' dir='ltr'>moribundam</span> <span class='ocrx_word' id='word_1_102' title='bbox 906 2338 1133 2422; x_wconf 87' lang='lat' dir='ltr'>antiquitatem</span> <span class='ocrx_word' id='word_1_103' title='bbox 1155 2339 1190 2401; x_wconf 90' lang='lat' dir='ltr'>in</span> <span class='ocrx_word' id='word_1_104' title='bbox 1216 2338 1317 2401; x_wconf 85' lang='lat' dir='ltr'>vitam</span> 
     </span>
     <span class='ocr_line' id='line_1_16' title="bbox 279 2456 1318 2542; baseline 0 -22"><span class='ocrx_word' id='word_1_105' title='bbox 279 2461 451 2520; x_wconf 83' lang='lat' dir='ltr'>revocaret.</span> <span class='ocrx_word' id='word_1_106' title='bbox 469 2456 535 2520; x_wconf 91' lang='lat' dir='ltr'>Nec</span> <span class='ocrx_word' id='word_1_107' title='bbox 550 2479 607 2542; x_wconf 92' lang='lat' dir='ltr'>par</span> <span class='ocrx_word' id='word_1_108' title='bbox 623 2460 679 2532; x_wconf 86' lang='lat' dir='ltr'>est,</span> <span class='ocrx_word' id='word_1_109' title='bbox 700 2457 869 2538; x_wconf 89' lang='lat' dir='ltr'>praeterire</span> <span class='ocrx_word' id='word_1_110' title='bbox 886 2456 1089 2539; x_wconf 88' lang='lat' dir='ltr'>philosophos</span> <span class='ocrx_word' id='word_1_111' title='bbox 1104 2456 1186 2535; x_wconf 91' lang='lat' dir='ltr'>illos,</span> <span class='ocrx_word' id='word_1_112' title='bbox 1204 2457 1318 2520; x_wconf 87' lang='lat' dir='ltr'>stoicos</span> 
     </span>
     <span class='ocr_line' id='line_1_17' title="bbox 278 2575 1318 2659; baseline -0.001 -20"><span class='ocrx_word' id='word_1_113' title='bbox 278 2575 463 2658; x_wconf 88' lang='lat' dir='ltr'>praesertim</span> <span class='ocrx_word' id='word_1_114' title='bbox 487 2575 543 2659; x_wconf 92' lang='lat' dir='ltr'>qui</span> <span class='ocrx_word' id='word_1_115' title='bbox 565 2576 604 2639; x_wconf 92' lang='lat' dir='ltr'>ad</span> <span class='ocrx_word' id='word_1_116' title='bbox 628 2575 778 2638; x_wconf 89' lang='lat' dir='ltr'>virtutem</span> <span class='ocrx_word' id='word_1_117' title='bbox 802 2597 909 2638; x_wconf 88' lang='lat' dir='ltr'>veram</span> <span class='ocrx_word' id='word_1_118' title='bbox 930 2575 1096 2639; x_wconf 87' lang='lat' dir='ltr'>ascendere</span> <span class='ocrx_word' id='word_1_119' title='bbox 1111 2579 1318 2650; x_wconf 83' lang='lat' dir='ltr'>conarentur,</span> 
     </span>
     <span class='ocr_line' id='line_1_18' title="bbox 276 2680 1316 2778; baseline -0.002 -20"><span class='ocrx_word' id='word_1_120' title='bbox 276 2680 420 2778; x_wconf 88' lang='lat' dir='ltr'>nihilque</span> <span class='ocrx_word' id='word_1_121' title='bbox 443 2694 630 2758; x_wconf 88' lang='lat' dir='ltr'>admirando</span> <span class='ocrx_word' id='word_1_122' title='bbox 653 2716 685 2757; x_wconf 89' lang='lat' dir='ltr'>se</span> <span class='ocrx_word' id='word_1_123' title='bbox 709 2695 815 2757; x_wconf 88' lang='lat' dir='ltr'>beatos</span> <span class='ocrx_word' id='word_1_124' title='bbox 841 2693 969 2757; x_wconf 89' lang='lat' dir='ltr'>reddere</span> <span class='ocrx_word' id='word_1_125' title='bbox 992 2698 1024 2757; x_wconf 93' lang='lat' dir='ltr'>et</span> <span class='ocrx_word' id='word_1_126' title='bbox 1044 2715 1167 2758; x_wconf 88' lang='lat' dir='ltr'>servare</span> <span class='ocrx_word' id='word_1_127' title='bbox 1181 2693 1316 2776; x_wconf 83' lang='lat' dir='ltr'>vellent,</span> 
     </span>
     <span class='ocr_line' id='line_1_19' title="bbox 277 2811 1318 2896; baseline -0.002 -20"><span class='ocrx_word' id='word_1_128' title='bbox 277 2835 336 2877; x_wconf 91' lang='lat' dir='ltr'>nec</span> <span class='ocrx_word' id='word_1_129' title='bbox 368 2811 502 2896; x_wconf 82' lang='lat' dir='ltr'>Cynicos</span> <span class='ocrx_word' id='word_1_130' title='bbox 531 2812 588 2896; x_wconf 96' lang='lat' dir='ltr'>qui</span> <span class='ocrx_word' id='word_1_131' title='bbox 616 2818 728 2896; x_wconf 86' lang='lat' dir='ltr'>sponte</span> <span class='ocrx_word' id='word_1_132' title='bbox 758 2813 792 2875; x_wconf 93' lang='lat' dir='ltr'>in</span> <span class='ocrx_word' id='word_1_133' title='bbox 823 2834 947 2875; x_wconf 86' lang='lat' dir='ltr'>summa</span> <span class='ocrx_word' id='word_1_134' title='bbox 973 2815 1160 2895; x_wconf 86' lang='lat' dir='ltr'>paupertate</span> <span class='ocrx_word' id='word_1_135' title='bbox 1185 2811 1318 2874; x_wconf 85' lang='lat' dir='ltr'>vivendo</span> 
     </span>
     <span class='ocr_line' id='line_1_20' title="bbox 277 2930 1316 3016; baseline -0.004 -21"><span class='ocrx_word' id='word_1_136' title='bbox 277 2954 310 2995; x_wconf 90' lang='lat' dir='ltr'>se</span> <span class='ocrx_word' id='word_1_137' title='bbox 333 2931 378 2995; x_wconf 90' lang='lat' dir='ltr'>sic</span> <span class='ocrx_word' id='word_1_138' title='bbox 400 2930 519 3016; x_wconf 87' lang='lat' dir='ltr'>optime</span> <span class='ocrx_word' id='word_1_139' title='bbox 542 2931 678 3014; x_wconf 89' lang='lat' dir='ltr'>reliquos</span> <span class='ocrx_word' id='word_1_140' title='bbox 702 2931 849 2994; x_wconf 86' lang='lat' dir='ltr'>mortales</span> <span class='ocrx_word' id='word_1_141' title='bbox 876 2951 1022 3012; x_wconf 90' lang='lat' dir='ltr'>spernere</span> <span class='ocrx_word' id='word_1_142' title='bbox 1044 2951 1134 3015; x_wconf 89' lang='lat' dir='ltr'>posse</span> <span class='ocrx_word' id='word_1_143' title='bbox 1156 2933 1316 3014; x_wconf 88' lang='lat' dir='ltr'>putarent.</span> 
     </span>
     <span class='ocr_line' id='line_1_21' title="bbox 277 3041 1318 3134; baseline -0.002 -22"><span class='ocrx_word' id='word_1_144' title='bbox 277 3041 306 3112; x_wconf 91' lang='lat' dir='ltr'>li</span> <span class='ocrx_word' id='word_1_145' title='bbox 336 3054 444 3113; x_wconf 84' lang='lat' dir='ltr'>autern</span> <span class='ocrx_word' id='word_1_146' title='bbox 474 3049 530 3134; x_wconf 93' lang='lat' dir='ltr'>qui</span> <span class='ocrx_word' id='word_1_147' title='bbox 554 3050 658 3112; x_wconf 91' lang='lat' dir='ltr'>minus</span> <span class='ocrx_word' id='word_1_148' title='bbox 680 3048 822 3113; x_wconf 76' lang='lat' dir='ltr'>felicibus</span> <span class='ocrx_word' id='word_1_149' title='bbox 845 3048 983 3132; x_wconf 90' lang='lat' dir='ltr'>ingeniis</span> <span class='ocrx_word' id='word_1_150' title='bbox 1006 3047 1143 3132; x_wconf 87' lang='lat' dir='ltr'>praediti</span> <span class='ocrx_word' id='word_1_151' title='bbox 1166 3048 1318 3112; x_wconf 80' lang='lat' dir='ltr'>vivebant</span> 
     </span>
     <span class='ocr_line' id='line_1_22' title="bbox 277 3166 1318 3252; baseline -0.003 -22"><span class='ocrx_word' id='word_1_152' title='bbox 277 3171 314 3231; x_wconf 87' lang='lat' dir='ltr'>ut</span> <span class='ocrx_word' id='word_1_153' title='bbox 348 3168 463 3252; x_wconf 86' lang='lat' dir='ltr'>vulgus</span> <span class='ocrx_word' id='word_1_154' title='bbox 497 3167 666 3231; x_wconf 89' lang='lat' dir='ltr'>hominum</span> <span class='ocrx_word' id='word_1_155' title='bbox 701 3167 806 3230; x_wconf 88' lang='lat' dir='ltr'>vivere</span> <span class='ocrx_word' id='word_1_156' title='bbox 841 3167 937 3248; x_wconf 88' lang='lat' dir='ltr'>solet,</span> <span class='ocrx_word' id='word_1_157' title='bbox 976 3170 1142 3250; x_wconf 86' lang='lat' dir='ltr'>tamquam</span> <span class='ocrx_word' id='word_1_158' title='bbox 1176 3166 1318 3248; x_wconf 83' lang='lat' dir='ltr'>expertia</span> 
     </span>
     <span class='ocr_line' id='line_1_23' title="bbox 278 3282 1318 3369; baseline -0.001 -21"><span class='ocrx_word' id='word_1_159' title='bbox 278 3286 411 3350; x_wconf 89' lang='lat' dir='ltr'>rationis</span> <span class='ocrx_word' id='word_1_160' title='bbox 435 3286 605 3362; x_wconf 86' lang='lat' dir='ltr'>animalia,</span> <span class='ocrx_word' id='word_1_161' title='bbox 632 3282 796 3369; x_wconf 65' lang='lat' dir='ltr'>fugientes·</span> <span class='ocrx_word' id='word_1_162' title='bbox 814 3306 963 3369; x_wconf 86' lang='lat' dir='ltr'>quaerere</span> <span class='ocrx_word' id='word_1_163' title='bbox 987 3285 1063 3369; x_wconf 90' lang='lat' dir='ltr'>quid</span> <span class='ocrx_word' id='word_1_164' title='bbox 1084 3305 1152 3348; x_wconf 80' lang='lat' dir='ltr'>cras</span> <span class='ocrx_word' id='word_1_165' title='bbox 1173 3285 1318 3348; x_wconf 88' lang='lat' dir='ltr'>futurum</span> 
     </span>
     <span class='ocr_line' id='line_1_24' title="bbox 278 3402 1320 3484; baseline -0.004 -16"><span class='ocrx_word' id='word_1_166' title='bbox 278 3404 321 3468; x_wconf 90' lang='lat' dir='ltr'>sit</span> <span class='ocrx_word' id='word_1_167' title='bbox 336 3409 368 3468; x_wconf 91' lang='lat' dir='ltr'>et</span> <span class='ocrx_word' id='word_1_168' title='bbox 383 3405 515 3468; x_wconf 91' lang='lat' dir='ltr'>omnino</span> <span class='ocrx_word' id='word_1_169' title='bbox 530 3403 630 3466; x_wconf 84' lang='lat' dir='ltr'>futuri</span> <span class='ocrx_word' id='word_1_170' title='bbox 654 3403 824 3480; x_wconf 82' lang='lat' dir='ltr'>incuriosi,</span> <span class='ocrx_word' id='word_1_171' title='bbox 848 3402 907 3484; x_wconf 78' lang='lat' dir='ltr'>illa¹</span> <span class='ocrx_word' id='word_1_172' title='bbox 923 3407 1027 3468; x_wconf 89' lang='lat' dir='ltr'>aetate</span> <span class='ocrx_word' id='word_1_173' title='bbox 1046 3403 1153 3466; x_wconf 86' lang='lat' dir='ltr'>sedulo</span> <span class='ocrx_word' id='word_1_174' title='bbox 1168 3402 1320 3465; x_wconf 86' lang='lat' dir='ltr'>admirari</span> 
     </span>
     <span class='ocr_line' id='line_1_25' title="bbox 279 3520 1321 3605; baseline -0.003 -19"><span class='ocrx_word' id='word_1_175' title='bbox 279 3523 423 3586; x_wconf 87' lang='lat' dir='ltr'>solebant</span> <span class='ocrx_word' id='word_1_176' title='bbox 446 3526 551 3586; x_wconf 85' lang='lat' dir='ltr'>totum</span> <span class='ocrx_word' id='word_1_177' title='bbox 574 3521 664 3584; x_wconf 90' lang='lat' dir='ltr'>illum</span> <span class='ocrx_word' id='word_1_178' title='bbox 689 3541 818 3605; x_wconf 83' lang='lat' dir='ltr'>gregem</span> <span class='ocrx_word' id='word_1_179' title='bbox 841 3520 1152 3604; x_wconf 87' lang='lat' dir='ltr'>importunissimum</span> <span class='ocrx_word' id='word_1_180' title='bbox 1177 3526 1208 3584; x_wconf 91' lang='lat' dir='ltr'>et</span> <span class='ocrx_word' id='word_1_181' title='bbox 1230 3521 1321 3604; x_wconf 87' lang='lat' dir='ltr'>inep-</span> 
     </span>
     <span class='ocr_line' id='line_1_26' title="bbox 281 3639 1322 3726; baseline -0.004 -20"><span class='ocrx_word' id='word_1_182' title='bbox 281 3641 437 3707; x_wconf 86' lang='lat' dir='ltr'>tissimum</span> <span class='ocrx_word' id='word_1_183' title='bbox 461 3641 676 3726; x_wconf 81' lang='lat' dir='ltr'>sophistarum</span> <span class='ocrx_word' id='word_1_184' title='bbox 703 3646 735 3705; x_wconf 90' lang='lat' dir='ltr'>et</span> <span class='ocrx_word' id='word_1_185' title='bbox 758 3641 941 3717; x_wconf 89' lang='lat' dir='ltr'>rhetorum,</span> <span class='ocrx_word' id='word_1_186' title='bbox 969 3643 1026 3725; x_wconf 90' lang='lat' dir='ltr'>qui</span> <span class='ocrx_word' id='word_1_187' title='bbox 1047 3645 1119 3726; x_wconf 85' lang='lat' dir='ltr'>post</span> <span class='ocrx_word' id='word_1_188' title='bbox 1142 3639 1322 3704; x_wconf 90' lang='lat' dir='ltr'>Domitiani</span> 
     </span>
     <span class='ocr_line' id='line_1_27' title="bbox 279 3759 1322 3843; baseline -0.004 -19"><span class='ocrx_word' id='word_1_189' title='bbox 279 3765 413 3826; x_wconf 87' lang='lat' dir='ltr'>mortem</span> <span class='ocrx_word' id='word_1_190' title='bbox 452 3761 647 3825; x_wconf 82' lang='lat' dir='ltr'>locustarum</span> <span class='ocrx_word' id='word_1_191' title='bbox 680 3761 781 3823; x_wconf 86' lang='lat' dir='ltr'>instar</span> <span class='ocrx_word' id='word_1_192' title='bbox 815 3780 848 3822; x_wconf 91' lang='lat' dir='ltr'>se</span> <span class='ocrx_word' id='word_1_193' title='bbox 882 3759 1081 3824; x_wconf 86' lang='lat' dir='ltr'>effunderent</span> <span class='ocrx_word' id='word_1_194' title='bbox 1119 3779 1176 3843; x_wconf 92' lang='lat' dir='ltr'>per</span> <span class='ocrx_word' id='word_1_195' title='bbox 1213 3779 1322 3822; x_wconf 90' lang='lat' dir='ltr'>omnes</span> 
     </span>
     <span class='ocr_line' id='line_1_28' title="bbox 277 3876 1324 3962; baseline -0.004 -19"><span class='ocrx_word' id='word_1_196' title='bbox 277 3879 417 3943; x_wconf 83' lang='lat' dir='ltr'>Romani</span> <span class='ocrx_word' id='word_1_197' title='bbox 447 3877 573 3962; x_wconf 89' lang='lat' dir='ltr'>imperii</span> <span class='ocrx_word' id='word_1_198' title='bbox 604 3883 727 3961; x_wconf 86' lang='lat' dir='ltr'>partes,</span> <span class='ocrx_word' id='word_1_199' title='bbox 758 3881 794 3941; x_wconf 90' lang='lat' dir='ltr'>ut</span> <span class='ocrx_word' id='word_1_200' title='bbox 822 3898 917 3960; x_wconf 91' lang='lat' dir='ltr'>opera</span> <span class='ocrx_word' id='word_1_201' title='bbox 940 3880 972 3940; x_wconf 92' lang='lat' dir='ltr'>et</span> <span class='ocrx_word' id='word_1_202' title='bbox 993 3878 1102 3941; x_wconf 92' lang='lat' dir='ltr'>labore</span> <span class='ocrx_word' id='word_1_203' title='bbox 1125 3899 1181 3942; x_wconf 89' lang='lat' dir='ltr'>suo</span> <span class='ocrx_word' id='word_1_204' title='bbox 1205 3876 1324 3941; x_wconf 85' lang='lat' dir='ltr'>seilicet</span> 
     </span>
     <span class='ocr_line' id='line_1_29' title="bbox 279 3996 821 4062; baseline 0 0"><span class='ocrx_word' id='word_1_205' title='bbox 279 3996 417 4062; x_wconf 83' lang='lat' dir='ltr'>Graecae</span> <span class='ocrx_word' id='word_1_206' title='bbox 438 3999 549 4062; x_wconf 88' lang='lat' dir='ltr'>literae</span> <span class='ocrx_word' id='word_1_207' title='bbox 572 4000 821 4062; x_wconf 85' lang='lat' dir='ltr'>renascerentur.</span> 
     </span>
    </p>

    <p class='ocr_par' dir='ltr' id='par_1_3' title="bbox 279 4111 1322 4319">
     <span class='ocr_line' id='line_1_30' title="bbox 323 4111 1322 4200; baseline 0 -20"><span class='ocrx_word' id='word_1_208' title='bbox 323 4115 383 4180; x_wconf 84' lang='lat' dir='ltr'>Sed</span> <span class='ocrx_word' id='word_1_209' title='bbox 414 4120 510 4180; x_wconf 89' lang='lat' dir='ltr'>erant</span> <span class='ocrx_word' id='word_1_210' title='bbox 533 4115 648 4180; x_wconf 89' lang='lat' dir='ltr'>medici</span> <span class='ocrx_word' id='word_1_211' title='bbox 670 4119 799 4198; x_wconf 90' lang='lat' dir='ltr'>stupore</span> <span class='ocrx_word' id='word_1_212' title='bbox 824 4111 914 4198; x_wconf 87' lang='lat' dir='ltr'>vulgi</span> <span class='ocrx_word' id='word_1_213' title='bbox 935 4115 1059 4180; x_wconf 90' lang='lat' dir='ltr'>nobiles</span> <span class='ocrx_word' id='word_1_214' title='bbox 1080 4115 1158 4181; x_wconf 87' lang='lat' dir='ltr'>faeti</span> <span class='ocrx_word' id='word_1_215' title='bbox 1180 4116 1236 4200; x_wconf 90' lang='lat' dir='ltr'>qni</span> <span class='ocrx_word' id='word_1_216' title='bbox 1258 4115 1322 4180; x_wconf 85' lang='lat' dir='ltr'>fere</span> 
     </span>
     <span class='ocr_line' id='line_1_31' title="bbox 279 4233 1317 4319; baseline -0.002 -19"><span class='ocrx_word' id='word_1_217' title='bbox 279 4257 388 4300; x_wconf 88' lang='lat' dir='ltr'>omnes</span> <span class='ocrx_word' id='word_1_218' title='bbox 416 4235 502 4299; x_wconf 86' lang='lat' dir='ltr'>ultra</span> <span class='ocrx_word' id='word_1_219' title='bbox 527 4233 686 4318; x_wconf 86' lang='lat' dir='ltr'>crepidam</span> <span class='ocrx_word' id='word_1_220' title='bbox 710 4233 791 4297; x_wconf 90' lang='lat' dir='ltr'>nihil</span> <span class='ocrx_word' id='word_1_221' title='bbox 814 4236 978 4316; x_wconf 87' lang='lat' dir='ltr'>saperent,</span> <span class='ocrx_word' id='word_1_222' title='bbox 1007 4238 1040 4299; x_wconf 87' lang='lat' dir='ltr'>et</span> <span class='ocrx_word' id='word_1_223' title='bbox 1062 4236 1117 4319; x_wconf 91' lang='lat' dir='ltr'>qui</span> <span class='ocrx_word' id='word_1_224' title='bbox 1139 4235 1198 4299; x_wconf 91' lang='lat' dir='ltr'>hoc</span> <span class='ocrx_word' id='word_1_225' title='bbox 1220 4257 1317 4318; x_wconf 87' lang='lat' dir='ltr'>unum</span> 
     </span>
    </p>
   </div>
   <div class='ocr_carea' id='block_1_3' title="bbox 0 0 1694 5180">
    <p class='ocr_par' dir='ltr' id='par_1_4' title="bbox 0 0 1694 5180">
     <span class='ocr_line' id='line_1_32' title="bbox 0 0 1694 5180; baseline 0 0"><span class='ocrx_word' id='word_1_226' title='bbox 0 0 1694 5180; x_wconf 95' lang='lat' dir='ltr'> </span> 
     </span>
    </p>
   </div>
  </div>
 </body>
</html>
