3372 5180
639 584 793 654 'lo

248 803 457 889 Argumentis
480 809 517 869 ut
539 805 619 869 mihi
642 805 770 890 quidem
785 807 910 872 videtur
925 808 1101 873 manifestis
1116 807 1199 873 hanc
1218 830 1290 873 sen-

247 923 384 988 tentiam
406 922 546 988 stabilire
561 927 593 988 et
608 925 742 1008 probare
758 927 907 994 conabor.
925 925 1095 991 Ordiamur
1113 950 1132 990 a
1147 926 1292 1011 principe

248 1041 507 1126 philosophorum
520 1042 674 1107 omnium.
689 1042 832 1110 Socrates
844 1046 921 1110 etin
934 1045 1084 1112 Vitarum
1097 1046 1243 1112 auctione
1259 1051 1291 1112 et

249 1161 325 1226 alibi
340 1161 446 1227 vitiosi
461 1184 631 1246 puerorum
646 1164 763 1228 amoris
778 1167 924 1251 arguitur
946 1166 988 1255 1);
1006 1167 1085 1251 qnin
1108 1167 1205 1232 etiam
1225 1189 1290 1230 non

249 1281 317 1346 sine
332 1282 471 1366 quodam
493 1281 576 1346 fastu
600 1285 632 1346 et
655 1284 803 1366 snperbia
827 1286 894 1370 ipse
917 1286 955 1351 de
978 1308 1011 1350 se
1033 1286 1196 1370 praedicat
1216 1312 1290 1351 παι-

250 1403 395 1487 δεραστής
411 1407 471 1486 εἰμι
495 1405 547 1466 καὶ
572 1405 663 1484 σοφὸς
687 1414 726 1468 τὰ
743 1407 873 1499 ἐρωτικά
887 1401 911 1489 ²)
938 1408 1056 1488 etpost
1073 1427 1173 1489 panca
1188 1404 1290 1468 addit:

249 1521 373 1587 ’Ἄκουε
404 1522 442 1604 δὴ
474 1526 508 1586 τό
535 1522 682 1605 μέγιστον
705 1526 721 1586 ὃ
745 1527 814 1609 περὶ
838 1528 902 1590 τῶν
926 1528 1087 1603 γυναικῶν
1109 1550 1162 1606 μοι
1186 1524 1289 1603 δοκεῖ,

248 1640 401 1723 μηδεμίαν
433 1644 539 1708 αὐτῶν
571 1638 652 1709 εἶναι
681 1644 813 1726 μηδενὸς
835 1648 946 1725 μόνου,
972 1644 1069 1709 παντὶ
1094 1643 1127 1707 δὲ
1151 1649 1290 1724 μετεῖναι

249 1769 292 1844 τῷ
314 1760 496 1848 βουλομένῳ
520 1772 573 1827 τοῦ
590 1775 690 1845 γάμου
707 1760 740 1847 ³).
765 1762 826 1826 His
842 1761 888 1826 ita
904 1762 988 1826 nude
1003 1763 1115 1846 positis
1131 1761 1290 1827 Lucianus

249 1878 326 1942 duos
354 1879 453 1943 laedit
481 1879 518 1943 in
547 1901 631 1964 uno,
662 1903 739 1944 nam
771 1879 848 1944 haee
880 1884 927 1945 est
950 1880 1088 1945 scurrilis
1111 1881 1158 1945 vel
1184 1881 1289 1964 potius

249 1996 351 2061 dicam
374 1998 518 2063 cerdonis
541 1975 829 2064 commentatione
851 1999 891 2063 iis
914 2020 994 2084 quae
1018 2000 1102 2084 apud
1122 1999 1289 2064 Platonem

250 2119 281 2180 et
310 2116 386 2180 alibi
417 2123 450 2181 et
472 2117 507 2181 in
529 2117 611 2182 libro
634 2117 808 2201 quintode
831 2117 1006 2203 Republica
1029 2120 1197 2203 leguntur:
1222 2124 1288 2194 Τὰς

249 2245 399 2316 γυναῖκας
423 2245 539 2314 ταύτας
564 2243 626 2305 τῶν
651 2239 778 2324 ἀνδρῶν
802 2247 920 2307 τούτων
944 2246 1072 2306 πάντων
1089 2247 1189 2315 πάσας
1207 2235 1287 2306 εἶναι

250 2361 373 2434 κοινὰς,
398 2358 465 2440 ι’δίᾳ
489 2358 522 2422 δὲ
545 2359 656 2442 μηδενὶ
671 2360 828 2443 μηδεμίαν
844 2367 1000 2426 συνοικεῖν
1017 2363 1068 2424 καὶ
1085 2364 1156 2435 τούς
1172 2361 1288 2433 παῖδας

251 2473 289 2544 αὖ
318 2482 439 2554 κοινούς
470 2479 506 2564 ⁴).
543 2479 701 2543 Haeccine
735 2482 842 2542 antem
871 2480 917 2543 ita
940 2480 1024 2543 nnde
1048 2501 1166 2564 ponere
1188 2501 1290 2564 neque

250 2595 428 2681 intelligere
458 2595 625 2662 Platonem
656 2598 690 2661 in
713 2597 803 2661 libris
826 2598 864 2662 da
887 2597 1061 2683 Republica
1084 2621 1206 2684 semper
1229 2599 1291 2664 sibi

250 2713 356 2779 animo
378 2715 578 2800 fingere-ula
602 2715 694 2782 πόλιν
719 2719 753 2782 ἐν
777 2715 880 2797 λύγοις
904 2717 1049 2800 κειμένην
1073 2719 1096 2803 ⁵)
1121 2739 1228 2781 nonne
1244 2720 1291 2779 est

249 2835 465 2919 philosophiae
487 2835 670 2901 Platonicae
691 2858 819 2921 prorsus
840 2837 927 2900 rudis
950 2840 1046 2921 atque
1064 2836 1191 2923 ignari?
1214 2835 1289 2900 Non

249 2960 324 3020 sunt
351 2961 459 3021 autem
488 2956 536 3020 illi
566 2979 602 3021 ea
632 2978 713 3041 quae
743 2955 881 3020 diximus
911 2956 988 3020 satis
1017 2959 1054 3020 ut
1084 2956 1229 3020 ostendat
1255 2975 1289 3017 sc

249 3077 416 3142 Platonem
438 3100 512 3142 cum
534 3100 599 3143 non
623 3078 785 3163 intelligat
804 3099 927 3162 semper
948 3077 1049 3141 ridere
1073 3080 1105 3140 et
1124 3076 1289 3140 traducere

249 3195 366 3262 conari.
400 3195 440 3260 In
474 3197 610 3262 secunda
643 3207 734 3281 parte
767 3203 821 3278 τῆς
844 3195 982 3278 ἀληθοῦς
1006 3195 1141 3279 ἱστορίας
1171 3193 1288 3257 iterum

252 3448 442 3462 m

292 3651 315 3731 ¹)
338 3657 380 3716 cf.
404 3657 521 3716 omnino
543 3659 578 3717 de
597 3659 647 3718 hac
669 3667 747 3737 parte
769 3659 990 3736 disputationem
1021 3655 1214 3734 inauguralem
1238 3653 1292 3712 viri

248 3759 406 3819 doctissimi
422 3763 449 3821 J.
469 3762 504 3820 G.
524 3779 584 3820 van
602 3763 723 3833 Ειιιιιιι,
747 3764 827 3822 cuius
849 3762 1041 3840 inspiciendae
1063 3760 1131 3819 mihi
1154 3757 1291 3817 beneficio

249 3862 371 3920 auctoris
394 3863 473 3939 copia
495 3863 558 3923 suit.

291 3960 314 4040 2)
337 3965 396 4025 Vit.
419 3970 492 4025 auct.
515 3966 546 4026 O.
573 3969 622 4026 15.

292 4062 316 4142 3)
339 4065 403 4124 Ibid
425 4068 457 4126 Ο.
483 4069 531 4130 17.
554 4068 596 4127 ef.
619 4068 788 4128 Convivium
811 4070 870 4129 sive
894 4070 1040 4146 Lapithae.

292 4168 315 4243 ⁴)
338 4167 457 4226 Politeia
479 4168 518 4239 V,
544 4170 556 4244 l
579 4172 650 4234 457.
676 4171 706 4231 0.

292 4273 316 4348 ⁶)
338 4270 404 4330 Ibid
425 4271 481 4344 IX,
507 4275 577 4333 592.
604 4277 635 4334 A.
