3408 5180
892 567 954 638 100

440 792 536 858 Haud
559 791 654 857 dubie
677 791 758 856 mihi
783 791 974 856 contendere
997 812 1087 876 posse
1106 790 1215 855 videor
1242 789 1279 854 in
1301 789 1362 853 hoc
1377 810 1443 853 uno
1570 869 1577 880 .

393 912 503 977 libello
542 916 574 976 et
612 911 647 974 in
678 932 774 995 supra
812 910 940 974 laudato
972 909 1156 996 Lexiphane
1186 910 1288 975 inesse
1318 909 1444 987 omnia,

400 1054 495 1118 quem
519 1035 691 1115 utrumque
714 1030 741 1094 si
764 1030 934 1115 diligenter
956 1030 1148 1115 perlegimus
1179 1030 1290 1102 ‚auimo
1324 1029 1446 1114 fingere

398 1151 491 1215 nobis
521 1173 688 1235 possumus
725 1151 885 1215 rhetorem
915 1150 1023 1235 quales
1052 1153 1157 1215 aetate
1186 1149 1320 1215 lanciani
1348 1149 1446 1233 vulgo

399 1275 499 1334 erant.
532 1269 619 1346 Quae
642 1271 826 1336 testimonia
856 1275 893 1335 ut
923 1271 1129 1334 stabiliantur
1151 1270 1253 1334 obiter
1283 1269 1446 1334 videamus

401 1391 478 1475 quid
507 1391 592 1474 apud
632 1391 780 1476 aequales
811 1397 868 1455 aut
899 1394 1004 1456 aetate
1038 1390 1182 1475 paullum
1224 1389 1446 1454 antecedentes

400 1509 568 1595 scriptores
591 1510 629 1575 de
651 1531 688 1574 ea
711 1532 745 1573 re
767 1509 883 1574 litteris
917 1509 1104 1574 mandatum
1132 1508 1341 1572 inveniamus.
1378 1507 1447 1605 Ab·

400 1630 530 1694 modum
552 1629 660 1714 largus
688 1630 761 1695 lons
784 1628 1028 1693 annotationum
1060 1629 1096 1692 in
1126 1651 1164 1692 ea
1193 1650 1228 1692 re
1257 1627 1349 1692 nobis
1372 1651 1447 1712 sup-

400 1749 522 1833 peditat
544 1771 648 1834 neque
670 1749 779 1833 inopia
802 1748 930 1814 testium
956 1770 1050 1814 causa
1068 1748 1146 1813 haee
1169 1753 1252 1812 certe
1279 1748 1446 1813 claudicet.

446 1869 622 1934 Rhetorum
657 1869 742 1952 ludi,
781 1870 816 1934 in
849 1870 965 1953 quibus
998 1871 1089 1954 pueri
1122 1871 1279 1934 ateneris
1309 1871 1447 1934 exerceri

404 1989 552 2052 solebant
574 1992 607 2053 et
628 1979 772 2074 ipsa'ars
795 1988 953 2053 rhetorica
977 1989 1098 2053 Romae
1115 1989 1305 2074 jamdudum
1320 1993 1448 2075 recepta

405 2111 438 2171 et
450 2129 693 2191 nonnumquam
705 2108 801 2172 etiam
814 2107 976 2192 prohibita
988 2111 1065 2172 erat.
1076 2107 1246 2172 Suetonius
1258 2107 1342 2172 enim
1356 2108 1449 2173 nobis

403 2228 542 2293 servavit
565 2251 666 2293 unum
689 2232 818 2292 senatus
849 2229 1051 2306 consultum,
1086 2226 1228 2313 itemque
1251 2250 1351 2292 unum
1374 2249 1449 2292 oen-

403 2348 522 2413 sorium
548 2348 686 2414 edictum
717 2370 780 2433 quo
802 2350 944 2413 rhetores
967 2371 1005 2413 ex
1027 2349 1106 2412 urbe
1137 2348 1339 2432 pellerentur.
1363 2347 1448 2411 llud

402 2467 522 2532 factum
546 2472 593 2532 est
616 2467 650 2532 Ο.
667 2468 792 2534 Fannio
808 2467 983 2546 Strabone,
1006 2467 1050 2532 M.
1069 2467 1197 2533 Valerio
1214 2467 1349 2532 Messala
1370 2489 1448 2532 coss.

405 2587 504 2671 (anno
529 2587 590 2650 161
610 2608 640 2651 a.
656 2585 690 2650 Ο.
707 2587 754 2673 n.)
779 2587 914 2652 edictum
933 2592 1039 2652 autem
1065 2587 1255 2672 «interjecto
1276 2591 1443 2670 tempore»

404 2707 441 2767 ut
463 2703 530 2787 ipse
553 2703 616 2781 eit,
647 2705 844 2789 propositum
875 2709 923 2770 est
954 2728 972 2769 e
1003 2706 1186 2771 censoribus
1216 2705 1273 2771 On.
1306 2703 1450 2770 Domitio

406 2821 639 2900 Ahenobarbo,
667 2820 702 2885 L.
719 2820 841 2886 Licinio
869 2820 982 2886 Crasso
999 2827 1100 2909 (anno
1128 2824 1181 2888 92.
1217 2846 1245 2886 a.
1274 2819 1309 2886 (1.
1337 2821 1384 2906 n.)
1412 2811 1448 2902 ¹).

406 2940 577 3005 Paullatim
597 2943 704 3002 autem
726 2942 807 3002 teste
829 2938 982 3004 Suetonio
1006 2944 1038 3004 et
1059 2941 1128 3025 ipsa
1151 2941 1239 3004 utilis
1253 2940 1450 3023 honestaque

406 3057 572 3143 apparuit,
608 3056 763 3141 multique
797 3080 867 3123 eam
901 3063 934 3122 et
967 3059 1116 3145 praesidii
1150 3082 1244 3124 causa
1275 3062 1308 3124 et
1330 3058 1450 3144 gloriae

410 3302 616 3315 —n———n

405 3465 524 3522 persona
557 3442 700 3502 Pollucem
732 3441 818 3500 latere
850 3446 963 3519 putent:
998 3441 1033 3500 de
1062 3461 1119 3519 quo
1148 3442 1223 3519 apud
1249 3440 1451 3500 Philostratum

405 3553 578 3610 mentionem
609 3542 820 3627 (Πολυδεύκης
850 3547 869 3608 ό
898 3545 1137 3628 Ναυκρατίτης)
1162 3552 1265 3610 factam
1290 3547 1451 3609 invenimus

408 3655 484 3720 Bias
497 3658 650 3736 σοφιστῶν
662 3661 708 3731 ΙΙ,
732 3681 759 3738 p.
785 3664 856 3720 2⁵8.
874 3695 914 3706 —
930 3663 971 3722 Cf.
987 3663 1109 3736 Rarus,
1132 3663 1235 3721 Pollux
1250 3669 1278 3722 et
1292 3662 1450 3732 Lucienus,

405 3783 433 3840 p.
470 3767 508 3822 30
542 3784 603 3842 sqq.
637 3763 671 3821 Iu
704 3763 747 3822 his
781 3770 808 3822 et
840 3765 946 3823 talibus
978 3771 1072 3824 autem
1100 3786 1209 3845 semper
1230 3766 1301 3825 mihi
1323 3765 1451 3824 venitin

406 3873 528 3925 mentem
562 3865 688 3924 Plautini
717 3867 808 3926 illins:
833 3867 869 3926 de
891 3868 927 3926 iis
948 3869 998 3946 qui
1027 3870 1123 3928 omnia
1155 3889 1184 3928 se
1206 3869 1342 3928 simulant
1365 3868 1451 3926 scire:

404 3968 481 4044 quod
503 3967 622 4046 quisque
644 3968 674 4025 in
696 3969 791 4027 animo
814 3968 898 4028 habet
909 3976 959 4028 aut
969 3970 1130 4031 habiturust
1142 3973 1251 4044 sciunt,

446 4090 517 4149 quae
539 4090 630 4150 neque
651 4072 764 4130 fuerunt
786 4092 877 4152 neque
899 4080 980 4146 sunt,
1005 4080 1100 4134 temen
1121 4076 1165 4136 illi
1187 4078 1281 4136 sciunt
1303 4083 1356 4137 etc.

1151 4182 1308 4241 Trinumm.
1334 4184 1405 4241 205.

447 4282 470 4358 1)
493 4279 570 4337 Suet.
593 4278 628 4336 de
650 4279 766 4339 Rhetor.
791 4281 822 4339 0.
849 4283 877 4340 1.
