3372 5180
869 533 912 598 40

367 756 470 819 lucem
493 753 571 817 haec
592 751 679 816 illius
701 750 859 816 sententia
882 750 996 815 afferat
1019 750 1058 814 ad
1077 753 1204 834 tempus
1224 771 1286 835 qno
1299 748 1414 814 vixerit

369 873 605 939 illustrandum.

415 992 647 1058 Neminicredo
655 991 787 1055 dubium
796 991 972 1070 essedebet,
982 991 1060 1076 quin
1069 990 1274 1075 antiquorum
1283 989 1413 1053 deorum

371 1112 485 1189 cultus,
509 1132 645 1196 quocum
656 1109 815 1174 Lucienus
830 1132 954 1194 semper
969 1114 1001 1174 et
1016 1111 1133 1196 ubique
1149 1133 1212 1194 qua
1225 1110 1297 1194 jure
1312 1131 1414 1194 quave

370 1230 489 1315 injuria
520 1231 639 1294 bellum
666 1229 816 1314 gesserit,
841 1229 907 1293 eius
930 1233 1034 1295 aetate
1057 1230 1160 1294 adhuc
1183 1229 1330 1322 vignerit.
1355 1228 1415 1293 Vel

371 1349 475 1434 patet,
508 1349 636 1433 opinor,
670 1352 707 1413 ut
737 1348 859 1432 reliqna
881 1349 1016 1413 aliorum
1040 1349 1208 1414 innumera
1231 1348 1415 1413 testimonia

374 1467 571 1544 omittamus,
594 1489 632 1532 ex
654 1466 744 1531 letali
768 1467 840 1531 odio
860 1467 944 1552 quod
960 1468 1100 1533 cumillo
1113 1469 1200 1532 cultu
1214 1469 1361 1532 exercuit.
1382 1466 1416 1532 Si

374 1589 441 1672 ejus
474 1590 576 1651 aetate
606 1608 708 1672 panca
730 1587 780 1651 vel
804 1588 893 1651 nulla
918 1587 1051 1672 vestigia
1076 1588 1228 1672 antiquae
1251 1587 1416 1672 religionis

374 1705 600 1789 superfuissent
622 1727 689 1769 non
715 1705 768 1770 ille
792 1729 854 1790 qua
872 1709 947 1770 'erat
966 1705 1071 1771 indole
1086 1706 1233 1771 omnibus
1248 1707 1313 1771 fere
1329 1706 1416 1770 dixe·

374 1809 435 1890 rim
458 1824 559 1888 animi
583 1828 614 1889 et
638 1825 777 1909 corporis
804 1825 924 1889 viribus
947 1848 1022 1889 usus
1047 1829 1144 1904 esset,
1169 1829 1205 1889 ut
1220 1825 1315 1890 fidem
1327 1825 1416 1889 illam

373 1967 411 2008 ex
439 1945 619 2028 aequalium
643 1944 759 2008 animis
782 1948 913 2010 erueret.
938 1944 1013 2009 Non
1036 1948 1083 2009 est
1102 1944 1187 2010 enim
1204 1945 1281 2009 boni
1296 1945 1416 2023 militis,

374 2068 442 2128 arte
472 2065 610 2148 turpiter
633 2063 723 2128 abuti
747 2063 897 2128 inanibus
932 2063 1117 2127 vulneribus
1146 2062 1330 2148 infligendis
1349 2063 1417 2147 jam

374 2187 517 2248 emortuo
533 2182 626 2247 hosti.
640 2183 781 2246 Deorum
793 2181 920 2265 imperii
932 2186 963 2245 et
976 2165 1142 2266 dignitatis
1155 2182 1330 2246 deminutio
1343 2203 1418 2246 sane

373 2282 458 2368 facta
481 2307 568 2388 erat,
591 2302 748 2366 fateamur
765 2324 889 2367 necesse
908 2305 972 2379 est3
997 2305 1065 2365 erat
1088 2323 1247 2366 nonnemo
1272 2301 1328 2386 qui
1351 2323 1418 2365 om-

375 2445 450 2487 nem
484 2422 575 2486 illum
611 2422 780 2507 antiquum
818 2423 940 2487 cultum
980 2444 1097 2485 vanum
1139 2443 1205 2485 esse
1238 2421 1365 2485 duceret
1388 2424 1419 2484 et

376 2563 488 2626 augur,
505 2563 571 2605 non
583 2541 676 2604 modo
692 2545 728 2603 ut
744 2540 817 2604 vivo
835 2538 1001 2625 Cicerone,
1018 2539 1148 2622 opinor,
1164 2539 1266 2604 ridere
1281 2539 1419 2615 solebat,

375 2684 527 2747 augurem
553 2661 707 2745 aspiciens
719 2661 818 2724 immo
832 2682 904 2724 vero
916 2659 1048 2724 fortasse
1062 2659 1324 2726 cachinnabatur.
1345 2661 1366 2725 J
1367 2683 1419 2723 am

376 2780 537 2846 Ciceronis
574 2783 678 2846 aetate
709 2777 940 2844 eruditissimus
969 2780 1101 2864 quisque
1140 2779 1277 2843 «fabulis
1307 2779 1420 2864 spretis

376 2909 408 2967 et
430 2900 629 2985 repudiatis»
658 2899 752 2963 deum
775 2898 987 2983 pertinentem
1012 2921 1069 2981 per
1096 2903 1248 2963 naturam
1270 2899 1420 2983 cuiusque

373 3022 420 3088 rei
444 3019 587 3086 venerari
599 3023 630 3084 et
642 3019 741 3084 colere
753 3019 907 3083 solebant.
926 3019 950 3102 ¹)
976 3017 1130 3083 Extremo
1148 3023 1287 3102 tempore
1303 3018 1421 3083 liberae

375 3141 420 3206 rei
444 3139 588 3224 publicae
612 3142 707 3223 atque
733 3141 837 3201 aetate
859 3136 1066 3219 imperatoria
1086 3137 1264 3202 sententiae
1279 3137 1419 3220 philoso-

374 3260 511 3346 phorum
523 3257 662 3323 subsidio
676 3259 831 3322 venerunt
842 3254 988 3338 opinioni
1001 3255 1111 3339 populi
1128 3257 1165 3319 de
1174 3256 1221 3320 dis
1230 3257 1420 3340 deabusque,

375 3401 508 3465 eamque
531 3384 598 3442 arte
622 3376 713 3462 quasi
735 3376 968 3440 concluserunt.
994 3373 1184 3440 Plutarchus
1208 3397 1332 3440 summa
1353 3375 1420 3460 pie·

377 3501 444 3562 tate
481 3496 645 3560 devinctus
685 3493 856 3558 Ammonio
898 3491 1063 3579 ἐκλεκτικῷ
1102 3494 1290 3578 philosopho
1325 3497 1350 3580 2)
1390 3498 1422 3558 et

378 3617 445 3702 ipse
480 3615 532 3679 illi
568 3613 786 3699 philosophiae
826 3617 928 3678 sectae
966 3612 1107 3696 deditus,
1154 3615 1199 3678 ita
1238 3618 1347 3678 tamen
1384 3617 1422 3677 ut

378 3737 417 3800 ad
454 3735 642 3800 Academiae
676 3737 843 3819 praecepta
881 3755 1123 3816 nonnumquam
1161 3733 1310 3811 inclinet,
1351 3755 1420 3797 eam

382 3978 588 3988 -...----

424 4142 447 4219 1)
470 4141 528 4200 Cic.
552 4140 587 4199 de
609 4141 676 4200 Nat.
700 4140 785 4200 Deor.
809 4139 853 4208 ΙΙ,
878 4141 926 4197 28.

400 4323 410 4334 ι
423 4250 446 4323 ²)
469 4246 510 4305 cf.
521 4245 548 4303 H
551 4261 710 4316 marzanae,
724 4243 889 4302 Geschichte
901 4240 1121 4299 Griechenlands
1133 4246 1184 4298 etc.
1199 4239 1237 4309 II,
1250 4259 1278 4316 p.
1289 4241 1347 4295 160
1361 4257 1421 4314 sqq.
