<?xml version="1.0" encoding="UTF-8"?>
<!DOCTYPE html PUBLIC "-//W3C//DTD XHTML 1.0 Transitional//EN"
    "http://www.w3.org/TR/xhtml1/DTD/xhtml1-transitional.dtd">
<html xmlns="http://www.w3.org/1999/xhtml" xml:lang="en" lang="en">
 <head>
  <title>
</title>
<meta http-equiv="Content-Type" content="text/html;charset=utf-8" />
  <meta name='ocr-system' content='tesseract 3.04.00' />
  <meta name='ocr-capabilities' content='ocr_page ocr_carea ocr_par ocr_line ocrx_word'/>
</head>
<body>
  <div class='ocr_page' id='page_1' title='image "./delucianoaequal00marggoog/delucianoaequal00marggoog_0118.png"; bbox 0 0 3408 5180; ppageno 0'>
   <div class='ocr_carea' id='block_1_1' title="bbox 734 577 867 680">
    <p class='ocr_par' dir='ltr' id='par_1_1' title="bbox 734 577 867 680">
     <span class='ocr_line' id='line_1_1' title="bbox 734 577 867 680; baseline 0 -36"><span class='ocrx_word' id='word_1_1' title='bbox 734 577 795 644; x_wconf 86' lang='lat' dir='ltr'>ror</span> <span class='ocrx_word' id='word_1_2' title='bbox 863 675 867 680; x_wconf 20' lang='grc' dir='ltr'>Ι</span> 
     </span>
    </p>
   </div>
   <div class='ocr_carea' id='block_1_2' title="bbox 245 756 1294 884">
    <p class='ocr_par' dir='ltr' id='par_1_2' title="bbox 245 756 1294 884">
     <span class='ocr_line' id='line_1_2' title="bbox 245 756 1294 884; baseline 0.003 -23"><span class='ocrx_word' id='word_1_3' title='bbox 245 797 479 882; x_wconf 83' lang='lat' dir='ltr'>appetiverunt.</span> <span class='ocrx_word' id='word_1_4' title='bbox 520 783 680 872; x_wconf 76' lang='lat' dir='ltr'>Praeoleri</span> <span class='ocrx_word' id='word_1_5' title='bbox 718 797 767 863; x_wconf 91' lang='lat' dir='ltr'>illi</span> <span class='ocrx_word' id='word_1_6' title='bbox 807 799 869 862; x_wconf 86' lang='lat' dir='ltr'>viri</span> <span class='ocrx_word' id='word_1_7' title='bbox 894 756 951 884; x_wconf 88' lang='lat' dir='ltr'>qui</span> <span class='ocrx_word' id='word_1_8' title='bbox 988 799 1138 864; x_wconf 77' lang='lat' dir='ltr'><strong>extremis</strong></span> <span class='ocrx_word' id='word_1_9' title='bbox 1175 799 1294 864; x_wconf 80' lang='lat' dir='ltr'>liberae</span> 
     </span>
    </p>
   </div>
   <div class='ocr_carea' id='block_1_3' title="bbox 237 915 1293 3125">
    <p class='ocr_par' dir='ltr' id='par_1_3' title="bbox 237 915 1293 3125">
     <span class='ocr_line' id='line_1_3' title="bbox 246 915 1293 1002; baseline 0.001 -23"><span class='ocrx_word' id='word_1_10' title='bbox 246 915 438 999; x_wconf 80' lang='lat' dir='ltr'>reipublicae</span> <span class='ocrx_word' id='word_1_11' title='bbox 462 916 660 1001; x_wconf 79' lang='lat' dir='ltr'>temporibus</span> <span class='ocrx_word' id='word_1_12' title='bbox 680 918 800 1002; x_wconf 87' lang='lat' dir='ltr'>primas</span> <span class='ocrx_word' id='word_1_13' title='bbox 815 921 964 1002; x_wconf 84' lang='lat' dir='ltr'>egerent,</span> <span class='ocrx_word' id='word_1_14' title='bbox 981 918 1123 982; x_wconf 87' lang='lat' dir='ltr'>debitum</span> <span class='ocrx_word' id='word_1_15' title='bbox 1139 917 1293 982; x_wconf 87' lang='lat' dir='ltr'>honorem</span> 
     </span>
     <span class='ocr_line' id='line_1_4' title="bbox 245 1033 1292 1122; baseline 0.002 -25"><span class='ocrx_word' id='word_1_16' title='bbox 245 1033 419 1098; x_wconf 72' lang='lat' dir='ltr'>rhetoricae</span> <span class='ocrx_word' id='word_1_17' title='bbox 434 1033 497 1097; x_wconf 83' lang='lat' dir='ltr'>arti</span> <span class='ocrx_word' id='word_1_18' title='bbox 511 1033 701 1112; x_wconf 86' lang='lat' dir='ltr'>tribuerant,</span> <span class='ocrx_word' id='word_1_19' title='bbox 723 1057 837 1120; x_wconf 75' lang='lat' dir='ltr'>«quare</span> <span class='ocrx_word' id='word_1_20' title='bbox 853 1057 971 1122; x_wconf 83' lang='lat' dir='ltr'>magno</span> <span class='ocrx_word' id='word_1_21' title='bbox 987 1036 1092 1101; x_wconf 91' lang='lat' dir='ltr'>studio</span> <span class='ocrx_word' id='word_1_22' title='bbox 1107 1036 1292 1101; x_wconf 87' lang='lat' dir='ltr'>hominibus</span> 
     </span>
     <span class='ocr_line' id='line_1_5' title="bbox 245 1152 1292 1240; baseline 0.003 -24"><span class='ocrx_word' id='word_1_23' title='bbox 245 1152 380 1236; x_wconf 84' lang='lat' dir='ltr'>injecto,</span> <span class='ocrx_word' id='word_1_24' title='bbox 405 1174 523 1237; x_wconf 85' lang='lat' dir='ltr'>magna</span> <span class='ocrx_word' id='word_1_25' title='bbox 547 1152 643 1216; x_wconf 88' lang='lat' dir='ltr'>etiarn</span> <span class='ocrx_word' id='word_1_26' title='bbox 659 1153 871 1239; x_wconf 87' lang='lat' dir='ltr'>professorum</span> <span class='ocrx_word' id='word_1_27' title='bbox 894 1177 932 1220; x_wconf 85' lang='lat' dir='ltr'>ao</span> <span class='ocrx_word' id='word_1_28' title='bbox 956 1156 1121 1220; x_wconf 79' lang='lat' dir='ltr'>doctorum</span> <span class='ocrx_word' id='word_1_29' title='bbox 1139 1155 1292 1240; x_wconf 82' lang='lat' dir='ltr'>profluxit</span> 
     </span>
     <span class='ocr_line' id='line_1_6' title="bbox 245 1273 1291 1358; baseline 0.003 -21"><span class='ocrx_word' id='word_1_30' title='bbox 245 1273 350 1357; x_wconf 83' lang='lat' dir='ltr'>eopia,</span> <span class='ocrx_word' id='word_1_31' title='bbox 374 1274 514 1358; x_wconf 80' lang='lat' dir='ltr'>adeoque</span> <span class='ocrx_word' id='word_1_32' title='bbox 548 1273 657 1338; x_wconf 89' lang='lat' dir='ltr'>floruit</span> <span class='ocrx_word' id='word_1_33' title='bbox 688 1279 726 1339; x_wconf 89' lang='lat' dir='ltr'>ut</span> <span class='ocrx_word' id='word_1_34' title='bbox 759 1275 908 1339; x_wconf 89' lang='lat' dir='ltr'>nonnulli</span> <span class='ocrx_word' id='word_1_35' title='bbox 942 1297 981 1340; x_wconf 87' lang='lat' dir='ltr'>ex</span> <span class='ocrx_word' id='word_1_36' title='bbox 1014 1276 1128 1340; x_wconf 89' lang='lat' dir='ltr'>infima</span> <span class='ocrx_word' id='word_1_37' title='bbox 1162 1275 1291 1340; x_wconf 85' lang='lat' dir='ltr'>fortuna</span> 
     </span>
     <span class='ocr_line' id='line_1_7' title="bbox 243 1392 1291 1478; baseline 0.001 -22"><span class='ocrx_word' id='word_1_38' title='bbox 243 1393 278 1457; x_wconf 95' lang='lat' dir='ltr'>in</span> <span class='ocrx_word' id='word_1_39' title='bbox 309 1392 453 1457; x_wconf 89' lang='lat' dir='ltr'>ordinem</span> <span class='ocrx_word' id='word_1_40' title='bbox 483 1393 678 1457; x_wconf 83' lang='lat' dir='ltr'>senatorium</span> <span class='ocrx_word' id='word_1_41' title='bbox 705 1397 801 1478; x_wconf 88' lang='lat' dir='ltr'>atque</span> <span class='ocrx_word' id='word_1_42' title='bbox 829 1395 869 1458; x_wconf 83' lang='lat' dir='ltr'>ad</span> <span class='ocrx_word' id='word_1_43' title='bbox 895 1415 1036 1460; x_wconf 82' lang='lat' dir='ltr'>summos</span> <span class='ocrx_word' id='word_1_44' title='bbox 1058 1394 1195 1458; x_wconf 88' lang='lat' dir='ltr'>honores</span> <span class='ocrx_word' id='word_1_45' title='bbox 1217 1416 1291 1477; x_wconf 89' lang='lat' dir='ltr'>pro-</span> 
     </span>
     <span class='ocr_line' id='line_1_8' title="bbox 244 1511 1289 1597; baseline 0.002 -21"><span class='ocrx_word' id='word_1_46' title='bbox 244 1512 431 1578; x_wconf 76' lang='lat' dir='ltr'>cesserint».</span> <span class='ocrx_word' id='word_1_47' title='bbox 457 1513 481 1597; x_wconf 87' lang='lat'>¹)</span> <span class='ocrx_word' id='word_1_48' title='bbox 523 1511 696 1597; x_wconf 88' lang='lat' dir='ltr'>Postquam</span> <span class='ocrx_word' id='word_1_49' title='bbox 720 1515 827 1576; x_wconf 87' lang='lat' dir='ltr'>autem</span> <span class='ocrx_word' id='word_1_50' title='bbox 858 1512 968 1577; x_wconf 85' lang='lat' dir='ltr'>omnia</span> <span class='ocrx_word' id='word_1_51' title='bbox 991 1513 1031 1577; x_wconf 86' lang='lat' dir='ltr'>ad</span> <span class='ocrx_word' id='word_1_52' title='bbox 1054 1512 1149 1577; x_wconf 75' lang='lat' dir='ltr'>unius</span> <span class='ocrx_word' id='word_1_53' title='bbox 1172 1516 1289 1578; x_wconf 90' lang='lat' dir='ltr'>nutum</span> 
     </span>
     <span class='ocr_line' id='line_1_9' title="bbox 243 1631 1290 1717; baseline -0.002 -21"><span class='ocrx_word' id='word_1_54' title='bbox 243 1637 333 1717; x_wconf 84' lang='lat' dir='ltr'>gesta</span> <span class='ocrx_word' id='word_1_55' title='bbox 355 1636 432 1696; x_wconf 91' lang='lat' dir='ltr'>sunt</span> <span class='ocrx_word' id='word_1_56' title='bbox 462 1632 547 1695; x_wconf 83' lang='lat' dir='ltr'>haud</span> <span class='ocrx_word' id='word_1_57' title='bbox 571 1653 646 1696; x_wconf 89' lang='lat' dir='ltr'>sane</span> <span class='ocrx_word' id='word_1_58' title='bbox 680 1631 920 1696; x_wconf 78' lang='lat' dir='ltr'>declamitantes</span> <span class='ocrx_word' id='word_1_59' title='bbox 949 1631 997 1695; x_wconf 90' lang='lat' dir='ltr'>illi</span> <span class='ocrx_word' id='word_1_60' title='bbox 1027 1631 1168 1696; x_wconf 76' lang='lat' dir='ltr'>rhetores</span> <span class='ocrx_word' id='word_1_61' title='bbox 1198 1634 1290 1696; x_wconf 85' lang='lat' dir='ltr'>erant</span> 
     </span>
     <span class='ocr_line' id='line_1_10' title="bbox 243 1749 1290 1836; baseline -0.001 -21"><span class='ocrx_word' id='word_1_62' title='bbox 243 1751 376 1836; x_wconf 83' lang='lat' dir='ltr'>gratiosi</span> <span class='ocrx_word' id='word_1_63' title='bbox 409 1751 556 1835; x_wconf 89' lang='lat' dir='ltr'>idemque</span> <span class='ocrx_word' id='word_1_64' title='bbox 590 1750 711 1815; x_wconf 81' lang='lat' dir='ltr'>foetum</span> <span class='ocrx_word' id='word_1_65' title='bbox 744 1750 887 1815; x_wconf 82' lang='lat' dir='ltr'>videmus</span> <span class='ocrx_word' id='word_1_66' title='bbox 917 1754 1014 1836; x_wconf 88' lang='lat' dir='ltr'>atque</span> <span class='ocrx_word' id='word_1_67' title='bbox 1036 1752 1071 1816; x_wconf 90' lang='lat' dir='ltr'>in</span> <span class='ocrx_word' id='word_1_68' title='bbox 1095 1749 1238 1816; x_wconf 83' lang='lat' dir='ltr'>Graecia.</span> <span class='ocrx_word' id='word_1_69' title='bbox 1262 1754 1290 1829; x_wconf 67' lang='grc' dir='ltr'>Ι)</span> 
     </span>
     <span class='ocr_line' id='line_1_11' title="bbox 243 1870 1288 1955; baseline -0.002 -20"><span class='ocrx_word' id='word_1_70' title='bbox 243 1871 357 1955; x_wconf 80' lang='lat' dir='ltr'>Inopia</span> <span class='ocrx_word' id='word_1_71' title='bbox 388 1871 540 1935; x_wconf 85' lang='lat' dir='ltr'>materiae</span> <span class='ocrx_word' id='word_1_72' title='bbox 569 1870 726 1935; x_wconf 83' lang='lat' dir='ltr'>rhetorica</span> <span class='ocrx_word' id='word_1_73' title='bbox 757 1870 926 1954; x_wconf 87' lang='lat' dir='ltr'>pristinam</span> <span class='ocrx_word' id='word_1_74' title='bbox 956 1870 1065 1935; x_wconf 86' lang='lat' dir='ltr'>amisit</span> <span class='ocrx_word' id='word_1_75' title='bbox 1097 1870 1288 1955; x_wconf 82' lang='lat' dir='ltr'>dignitatem</span> 
     </span>
     <span class='ocr_line' id='line_1_12' title="bbox 243 1988 1288 2074; baseline 0 -20"><span class='ocrx_word' id='word_1_76' title='bbox 243 2012 314 2055; x_wconf 86' lang='lat' dir='ltr'>oum</span> <span class='ocrx_word' id='word_1_77' title='bbox 341 1991 411 2074; x_wconf 88' lang='lat' dir='ltr'>jam</span> <span class='ocrx_word' id='word_1_78' title='bbox 441 1990 554 2074; x_wconf 88' lang='lat' dir='ltr'>auique</span> <span class='ocrx_word' id='word_1_79' title='bbox 581 2012 647 2054; x_wconf 91' lang='lat' dir='ltr'>non</span> <span class='ocrx_word' id='word_1_80' title='bbox 671 1988 808 2074; x_wconf 88' lang='lat' dir='ltr'>amplius</span> <span class='ocrx_word' id='word_1_81' title='bbox 830 1993 911 2054; x_wconf 82' lang='lat' dir='ltr'>esset</span> <span class='ocrx_word' id='word_1_82' title='bbox 932 1989 1061 2054; x_wconf 84' lang='lat' dir='ltr'>lieentia</span> <span class='ocrx_word' id='word_1_83' title='bbox 1083 1989 1122 2054; x_wconf 89' lang='lat' dir='ltr'>de</span> <span class='ocrx_word' id='word_1_84' title='bbox 1144 1989 1184 2053; x_wconf 85' lang='lat' dir='ltr'>iis</span> <span class='ocrx_word' id='word_1_85' title='bbox 1205 2011 1288 2074; x_wconf 89' lang='lat' dir='ltr'>quae</span> 
     </span>
     <span class='ocr_line' id='line_1_13' title="bbox 243 2102 1288 2194; baseline 0 -22"><span class='ocrx_word' id='word_1_86' title='bbox 243 2109 384 2194; x_wconf 90' lang='lat' dir='ltr'>quotidie</span> <span class='ocrx_word' id='word_1_87' title='bbox 407 2109 476 2173; x_wconf 88' lang='lat' dir='ltr'>fieri</span> <span class='ocrx_word' id='word_1_88' title='bbox 499 2102 636 2172; x_wconf 85' lang='lat' dir='ltr'>solerent</span> <span class='ocrx_word' id='word_1_89' title='bbox 659 2108 757 2172; x_wconf 89' lang='lat' dir='ltr'>libere</span> <span class='ocrx_word' id='word_1_90' title='bbox 779 2107 882 2172; x_wconf 82' lang='lat' dir='ltr'>dicere</span> <span class='ocrx_word' id='word_1_91' title='bbox 904 2107 981 2193; x_wconf 89' lang='lat' dir='ltr'>quid</span> <span class='ocrx_word' id='word_1_92' title='bbox 1004 2108 1145 2172; x_wconf 86' lang='lat' dir='ltr'>sentiret.</span> <span class='ocrx_word' id='word_1_93' title='bbox 1170 2108 1198 2172; x_wconf 83' lang='grc' dir='ltr'>Ε</span> <span class='ocrx_word' id='word_1_94' title='bbox 1224 2108 1288 2172; x_wconf 91' lang='lat' dir='ltr'>vita</span> 
     </span>
     <span class='ocr_line' id='line_1_14' title="bbox 240 2226 1286 2314; baseline -0.001 -21"><span class='ocrx_word' id='word_1_95' title='bbox 240 2229 367 2313; x_wconf 86' lang='lat' dir='ltr'>publiea</span> <span class='ocrx_word' id='word_1_96' title='bbox 402 2228 495 2314; x_wconf 89' lang='lat' dir='ltr'>plane</span> <span class='ocrx_word' id='word_1_97' title='bbox 529 2227 745 2311; x_wconf 76' lang='lat' dir='ltr'>expellebatur</span> <span class='ocrx_word' id='word_1_98' title='bbox 777 2226 936 2291; x_wconf 80' lang='lat' dir='ltr'>rhetorica</span> <span class='ocrx_word' id='word_1_99' title='bbox 969 2231 1066 2312; x_wconf 83' lang='lat' dir='ltr'>atque</span> <span class='ocrx_word' id='word_1_100' title='bbox 1095 2227 1131 2291; x_wconf 93' lang='lat' dir='ltr'>in</span> <span class='ocrx_word' id='word_1_101' title='bbox 1162 2226 1286 2292; x_wconf 87' lang='lat' dir='ltr'>soholae</span> 
     </span>
     <span class='ocr_line' id='line_1_15' title="bbox 241 2345 1288 2432; baseline -0.002 -21"><span class='ocrx_word' id='word_1_102' title='bbox 241 2349 389 2418; x_wconf 88' lang='lat' dir='ltr'>umbram</span> <span class='ocrx_word' id='word_1_103' title='bbox 416 2370 449 2412; x_wconf 87' lang='lat' dir='ltr'>se</span> <span class='ocrx_word' id='word_1_104' title='bbox 471 2347 611 2422; x_wconf 82' lang='lat' dir='ltr'>abdidit3</span> <span class='ocrx_word' id='word_1_105' title='bbox 635 2345 660 2432; x_wconf 82' lang='lat'>³)</span> <span class='ocrx_word' id='word_1_106' title='bbox 684 2346 863 2431; x_wconf 79' lang='lat' dir='ltr'>agebantur</span> <span class='ocrx_word' id='word_1_107' title='bbox 892 2347 986 2411; x_wconf 76' lang='lat' dir='ltr'>fictae</span> <span class='ocrx_word' id='word_1_108' title='bbox 1016 2368 1128 2411; x_wconf 83' lang='lat' dir='ltr'>causae</span> <span class='ocrx_word' id='word_1_109' title='bbox 1158 2350 1190 2410; x_wconf 87' lang='lat' dir='ltr'>et</span> <span class='ocrx_word' id='word_1_110' title='bbox 1213 2367 1288 2410; x_wconf 86' lang='lat' dir='ltr'>vera</span> 
     </span>
     <span class='ocr_line' id='line_1_16' title="bbox 240 2463 1287 2552; baseline 0.001 -24"><span class='ocrx_word' id='word_1_111' title='bbox 240 2464 295 2529; x_wconf 86' lang='lat' dir='ltr'>illa</span> <span class='ocrx_word' id='word_1_112' title='bbox 318 2467 452 2552; x_wconf 85' lang='lat' dir='ltr'>antiqua</span> <span class='ocrx_word' id='word_1_113' title='bbox 475 2464 655 2550; x_wconf 88' lang='lat' dir='ltr'>eloquentia</span> <span class='ocrx_word' id='word_1_114' title='bbox 680 2465 774 2548; x_wconf 88' lang='lat' dir='ltr'>plane</span> <span class='ocrx_word' id='word_1_115' title='bbox 802 2464 913 2547; x_wconf 83' lang='lat' dir='ltr'>jacuit.</span> <span class='ocrx_word' id='word_1_116' title='bbox 942 2463 1181 2529; x_wconf 79' lang='lat' dir='ltr'>Adulescentuli</span> <span class='ocrx_word' id='word_1_117' title='bbox 1211 2486 1287 2529; x_wconf 90' lang='lat' dir='ltr'>oon·</span> 
     </span>
     <span class='ocr_line' id='line_1_17' title="bbox 238 2572 1280 2668; baseline -0.004 -20"><span class='ocrx_word' id='word_1_118' title='bbox 238 2585 345 2649; x_wconf 87' lang='lat' dir='ltr'>silium</span> <span class='ocrx_word' id='word_1_119' title='bbox 376 2586 497 2650; x_wconf 84' lang='lat' dir='ltr'>dabant</span> <span class='ocrx_word' id='word_1_120' title='bbox 524 2584 646 2650; x_wconf 76' lang='lat' dir='ltr'>Sullae:</span> <span class='ocrx_word' id='word_1_121' title='bbox 677 2572 844 2668; x_wconf 71' lang='lat' dir='ltr'>«privatus</span> <span class='ocrx_word' id='word_1_122' title='bbox 867 2587 904 2647; x_wconf 90' lang='lat' dir='ltr'>ut</span> <span class='ocrx_word' id='word_1_123' title='bbox 927 2584 1029 2648; x_wconf 88' lang='lat' dir='ltr'>altum</span> <span class='ocrx_word' id='word_1_124' title='bbox 1053 2583 1206 2648; x_wconf 87' lang='lat' dir='ltr'>dormiret</span> <span class='ocrx_word' id='word_1_125' title='bbox 1229 2584 1280 2668; x_wconf 67' lang='lat' dir='ltr'>‘l‘</span> 
     </span>
     <span class='ocr_line' id='line_1_18' title="bbox 237 2701 1286 2789; baseline -0.002 -21"><span class='ocrx_word' id='word_1_126' title='bbox 237 2711 293 2769; x_wconf 88' lang='lat' dir='ltr'>aut</span> <span class='ocrx_word' id='word_1_127' title='bbox 304 2703 453 2768; x_wconf 78' lang='lat' dir='ltr'>dicebant</span> <span class='ocrx_word' id='word_1_128' title='bbox 470 2702 629 2788; x_wconf 80' lang='lat' dir='ltr'>&lt;grandia</span> <span class='ocrx_word' id='word_1_129' title='bbox 646 2703 792 2767; x_wconf 87' lang='lat' dir='ltr'>morituri</span> <span class='ocrx_word' id='word_1_130' title='bbox 806 2704 902 2768; x_wconf 85' lang='lat' dir='ltr'>verba</span> <span class='ocrx_word' id='word_1_131' title='bbox 917 2702 1072 2768; x_wconf 76' lang='lat' dir='ltr'>Catonis»</span> <span class='ocrx_word' id='word_1_132' title='bbox 1089 2701 1116 2789; x_wconf 84' lang='lat'>⁵)</span> <span class='ocrx_word' id='word_1_133' title='bbox 1128 2704 1286 2787; x_wconf 86' lang='lat' dir='ltr'>planeque</span> 
     </span>
     <span class='ocr_line' id='line_1_19' title="bbox 238 2818 1287 2904; baseline 0.001 -21"><span class='ocrx_word' id='word_1_134' title='bbox 238 2820 329 2898; x_wconf 87' lang='lat' dir='ltr'>nihil,</span> <span class='ocrx_word' id='word_1_135' title='bbox 339 2823 376 2883; x_wconf 84' lang='lat' dir='ltr'>ul</span> <span class='ocrx_word' id='word_1_136' title='bbox 384 2818 554 2883; x_wconf 86' lang='lat' dir='ltr'>Petronius</span> <span class='ocrx_word' id='word_1_137' title='bbox 563 2818 726 2889; x_wconf 82' lang='lat' dir='ltr'>verissime</span> <span class='ocrx_word' id='word_1_138' title='bbox 737 2819 793 2897; x_wconf 81' lang='lat' dir='ltr'>ait,</span> <span class='ocrx_word' id='word_1_139' title='bbox 806 2841 843 2884; x_wconf 86' lang='lat' dir='ltr'>ex</span> <span class='ocrx_word' id='word_1_140' title='bbox 856 2819 906 2883; x_wconf 89' lang='lat' dir='ltr'>his</span> <span class='ocrx_word' id='word_1_141' title='bbox 918 2819 1045 2904; x_wconf 89' lang='lat' dir='ltr'>quaein</span> <span class='ocrx_word' id='word_1_142' title='bbox 1061 2842 1122 2884; x_wconf 88' lang='lat' dir='ltr'>usu</span> <span class='ocrx_word' id='word_1_143' title='bbox 1133 2820 1287 2884; x_wconf 76' lang='lat' dir='ltr'>habemur</span> 
     </span>
     <span class='ocr_line' id='line_1_20' title="bbox 239 2937 1287 3024; baseline -0.001 -20"><span class='ocrx_word' id='word_1_144' title='bbox 239 2944 295 3005; x_wconf 90' lang='lat' dir='ltr'>aut</span> <span class='ocrx_word' id='word_1_145' title='bbox 321 2939 458 3004; x_wconf 88' lang='lat' dir='ltr'>audiunt</span> <span class='ocrx_word' id='word_1_146' title='bbox 476 2942 533 3002; x_wconf 89' lang='lat' dir='ltr'>aut</span> <span class='ocrx_word' id='word_1_147' title='bbox 554 2939 674 3003; x_wconf 85' lang='lat' dir='ltr'>vident.</span> <span class='ocrx_word' id='word_1_148' title='bbox 697 2939 723 3023; x_wconf 80' lang='lat'>⁶)</span> <span class='ocrx_word' id='word_1_149' title='bbox 747 2937 807 3003; x_wconf 86' lang='lat' dir='ltr'>Vel</span> <span class='ocrx_word' id='word_1_150' title='bbox 830 2939 932 3003; x_wconf 87' lang='lat' dir='ltr'>obiter</span> <span class='ocrx_word' id='word_1_151' title='bbox 954 2939 1048 3003; x_wconf 88' lang='lat' dir='ltr'>nobie</span> <span class='ocrx_word' id='word_1_152' title='bbox 1070 2938 1287 3024; x_wconf 81' lang='lat' dir='ltr'>inspiciendae</span> 
     </span>
     <span class='ocr_line' id='line_1_21' title="bbox 239 3058 1286 3125; baseline -0.002 -1"><span class='ocrx_word' id='word_1_153' title='bbox 239 3063 315 3124; x_wconf 84' lang='lat' dir='ltr'>sunt</span> <span class='ocrx_word' id='word_1_154' title='bbox 329 3059 466 3124; x_wconf 80' lang='lat' dir='ltr'>Senecae</span> <span class='ocrx_word' id='word_1_155' title='bbox 481 3058 641 3123; x_wconf 82' lang='lat' dir='ltr'>suasoriae</span> <span class='ocrx_word' id='word_1_156' title='bbox 656 3062 688 3122; x_wconf 88' lang='lat' dir='ltr'>et</span> <span class='ocrx_word' id='word_1_157' title='bbox 703 3058 936 3124; x_wconf 80' lang='lat' dir='ltr'>controversiae</span> <span class='ocrx_word' id='word_1_158' title='bbox 952 3062 989 3122; x_wconf 89' lang='lat' dir='ltr'>ut</span> <span class='ocrx_word' id='word_1_159' title='bbox 1000 3059 1110 3124; x_wconf 84' lang='lat' dir='ltr'>statim</span> <span class='ocrx_word' id='word_1_160' title='bbox 1123 3059 1286 3125; x_wconf 80' lang='lat' dir='ltr'>videamus</span> 
     </span>
    </p>
   </div>
   <div class='ocr_carea' id='block_1_4' title="bbox 237 3338 1289 4359">
    <p class='ocr_par' dir='ltr' id='par_1_4' title="bbox 237 3338 1289 4359">
     <span class='ocr_line' id='line_1_22' title="bbox 281 3338 931 3416; baseline -0.006 -18"><span class='ocrx_word' id='word_1_161' title='bbox 281 3338 304 3416; x_wconf 88' lang='grc'>1)</span> <span class='ocrx_word' id='word_1_162' title='bbox 327 3339 403 3399; x_wconf 91' lang='lat' dir='ltr'>Ibid.</span> <span class='ocrx_word' id='word_1_163' title='bbox 929 3374 931 3378; x_wconf 92' lang='lat'><em>-</em></span> 
     </span>
     <span class='ocr_line' id='line_1_23' title="bbox 280 3437 1289 3519; baseline -0.007 -18"><span class='ocrx_word' id='word_1_164' title='bbox 280 3441 304 3519; x_wconf 76' lang='lat'>²)</span> <span class='ocrx_word' id='word_1_165' title='bbox 326 3444 368 3503; x_wconf 84' lang='lat' dir='ltr'>Os.</span> <span class='ocrx_word' id='word_1_166' title='bbox 392 3444 449 3502; x_wconf 85' lang='lat' dir='ltr'>An.</span> <span class='ocrx_word' id='word_1_167' title='bbox 473 3443 619 3513; x_wconf 73' lang='lat' dir='ltr'>Nrootm,</span> <span class='ocrx_word' id='word_1_168' title='bbox 642 3440 737 3500; x_wconf 87' lang='lat' dir='ltr'>Ueber</span> <span class='ocrx_word' id='word_1_169' title='bbox 761 3440 943 3519; x_wconf 75' lang='lat' dir='ltr'>Entetehung</span> <span class='ocrx_word' id='word_1_170' title='bbox 965 3461 993 3500; x_wconf 91' lang='lat' dir='ltr'>u.</span> <span class='ocrx_word' id='word_1_171' title='bbox 1017 3441 1121 3498; x_wconf 85' lang='lat' dir='ltr'>Weeen</span> <span class='ocrx_word' id='word_1_172' title='bbox 1139 3438 1189 3496; x_wconf 86' lang='lat' dir='ltr'>des</span> <span class='ocrx_word' id='word_1_173' title='bbox 1208 3437 1289 3496; x_wconf 83' lang='lat' dir='ltr'>Grio-</span> 
     </span>
     <span class='ocr_line' id='line_1_24' title="bbox 237 3547 731 3624; baseline 0 -19"><span class='ocrx_word' id='word_1_174' title='bbox 237 3547 366 3605; x_wconf 85' lang='lat' dir='ltr'>ohieehen</span> <span class='ocrx_word' id='word_1_175' title='bbox 385 3547 527 3618; x_wconf 85' lang='lat' dir='ltr'>Romans,</span> <span class='ocrx_word' id='word_1_176' title='bbox 554 3567 581 3624; x_wconf 91' lang='lat' dir='ltr'>p.</span> <span class='ocrx_word' id='word_1_177' title='bbox 609 3548 645 3603; x_wconf 78' lang='lat'>58</span> <span class='ocrx_word' id='word_1_178' title='bbox 670 3564 731 3623; x_wconf 92' lang='lat' dir='ltr'>sqq.</span> 
     </span>
     <span class='ocr_line' id='line_1_25' title="bbox 279 3643 688 3725; baseline -0.007 -16"><span class='ocrx_word' id='word_1_179' title='bbox 279 3643 302 3725; x_wconf 81' lang='lat'>³)</span> <span class='ocrx_word' id='word_1_180' title='bbox 325 3651 367 3710; x_wconf 82' lang='lat' dir='ltr'>cf.</span> <span class='ocrx_word' id='word_1_181' title='bbox 391 3650 552 3708; x_wconf 85' lang='lat' dir='ltr'>Philostret.</span> <span class='ocrx_word' id='word_1_182' title='bbox 576 3649 606 3719; x_wconf 86' lang='grc' dir='ltr'>Ι,</span> <span class='ocrx_word' id='word_1_183' title='bbox 632 3651 688 3706; x_wconf 76' lang='lat'>22:</span> 
     </span>
     <span class='ocr_line' id='line_1_26' title="bbox 504 3750 965 3839; baseline 0.002 -23"><span class='ocrx_word' id='word_1_184' title='bbox 504 3754 625 3832; x_wconf 71' lang='grc' dir='ltr'><em>ἀγῶνες</em></span> <span class='ocrx_word' id='word_1_185' title='bbox 649 3755 784 3834; x_wconf 73' lang='grc' dir='ltr'>νομικοὶ,</span> <span class='ocrx_word' id='word_1_186' title='bbox 809 3750 965 3839; x_wconf 73' lang='grc' dir='ltr'>(μελέται)</span> 
     </span>
     <span class='ocr_line' id='line_1_27' title="bbox 501 3858 976 3946; baseline -0.004 -22"><span class='ocrx_word' id='word_1_187' title='bbox 501 3863 622 3940; x_wconf 69' lang='grc' dir='ltr'>ἀγῶνες</span> <span class='ocrx_word' id='word_1_188' title='bbox 644 3863 753 3944; x_wconf 72' lang='grc' dir='ltr'>ἠθικοὶ</span> <span class='ocrx_word' id='word_1_189' title='bbox 779 3858 976 3946; x_wconf 76' lang='grc' dir='ltr'>(διαλέξεις).</span> 
     </span>
     <span class='ocr_line' id='line_1_28' title="bbox 501 3963 1137 4056; baseline -0.011 -24"><span class='ocrx_word' id='word_1_190' title='bbox 501 3971 623 4049; x_wconf 72' lang='grc' dir='ltr'>ἀγῶνες</span> <span class='ocrx_word' id='word_1_191' title='bbox 648 3970 766 4049; x_wconf 78' lang='grc' dir='ltr'>λογικοὶ</span> <span class='ocrx_word' id='word_1_192' title='bbox 791 3966 929 4056; x_wconf 66' lang='lat' dir='ltr'>(latrat,</span> <span class='ocrx_word' id='word_1_193' title='bbox 954 3963 1137 4052; x_wconf 76' lang='grc' dir='ltr'><em>προλαλιαὶ)</em></span> 
     </span>
     <span class='ocr_line' id='line_1_29' title="bbox 278 4075 1288 4154; baseline -0.008 -18"><span class='ocrx_word' id='word_1_194' title='bbox 278 4077 303 4154; x_wconf 75' lang='lat'>⁴)</span> <span class='ocrx_word' id='word_1_195' title='bbox 326 4078 486 4150; x_wconf 78' lang='lat' dir='ltr'>luvenalis,</span> <span class='ocrx_word' id='word_1_196' title='bbox 511 4080 542 4152; x_wconf 92' lang='lat' dir='ltr'>I,</span> <span class='ocrx_word' id='word_1_197' title='bbox 571 4083 619 4140; x_wconf 84' lang='grc'>16.</span> <span class='ocrx_word' id='word_1_198' title='bbox 643 4082 686 4140; x_wconf 89' lang='lat' dir='ltr'>cf.</span> <span class='ocrx_word' id='word_1_199' title='bbox 709 4083 771 4140; x_wconf 88' lang='lat' dir='ltr'>luv.</span> <span class='ocrx_word' id='word_1_200' title='bbox 796 4082 854 4140; x_wconf 87' lang='lat' dir='ltr'>Sat.</span> <span class='ocrx_word' id='word_1_201' title='bbox 879 4080 922 4152; x_wconf 90' lang='lat' dir='ltr'>X,</span> <span class='ocrx_word' id='word_1_202' title='bbox 949 4082 1018 4148; x_wconf 81' lang='lat'><strong>166,</strong></span> <span class='ocrx_word' id='word_1_203' title='bbox 1043 4075 1118 4145; x_wconf 86' lang='lat' dir='ltr'>VII,</span> <span class='ocrx_word' id='word_1_204' title='bbox 1144 4075 1204 4131; x_wconf 82' lang='lat'>150</span> <span class='ocrx_word' id='word_1_205' title='bbox 1228 4089 1288 4148; x_wconf 85' lang='lat' dir='ltr'>sqq.</span> 
     </span>
     <span class='ocr_line' id='line_1_30' title="bbox 278 4171 614 4257; baseline 0.012 -20"><span class='ocrx_word' id='word_1_206' title='bbox 278 4171 302 4257; x_wconf 68' lang='grc' dir='ltr'>ὁ)</span> <span class='ocrx_word' id='word_1_207' title='bbox 326 4182 450 4253; x_wconf 88' lang='lat' dir='ltr'>Persius,</span> <span class='ocrx_word' id='word_1_208' title='bbox 474 4183 535 4252; x_wconf 82' lang='grc' dir='ltr'>ΙΙΙ,</span> <span class='ocrx_word' id='word_1_209' title='bbox 561 4186 614 4242; x_wconf 75' lang='lat'>45.</span> 
     </span>
     <span class='ocr_line' id='line_1_31' title="bbox 279 4279 737 4359; baseline 0.013 -20"><span class='ocrx_word' id='word_1_210' title='bbox 279 4279 302 4359; x_wconf 82' lang='lat'>⁸)</span> <span class='ocrx_word' id='word_1_211' title='bbox 326 4284 438 4342; x_wconf 81' lang='lat' dir='ltr'>Patron.</span> <span class='ocrx_word' id='word_1_212' title='bbox 461 4287 559 4342; x_wconf 86' lang='lat' dir='ltr'>statim</span> <span class='ocrx_word' id='word_1_213' title='bbox 583 4284 618 4343; x_wconf 87' lang='lat' dir='ltr'>ab</span> <span class='ocrx_word' id='word_1_214' title='bbox 641 4285 737 4346; x_wconf 88' lang='lat' dir='ltr'>initio.</span> 
     </span>
    </p>
   </div>
   <div class='ocr_carea' id='block_1_5' title="bbox 0 0 1708 5180">
    <p class='ocr_par' dir='ltr' id='par_1_5' title="bbox 0 0 1708 5180">
     <span class='ocr_line' id='line_1_32' title="bbox 0 0 1708 5180; baseline 0 4"><span class='ocrx_word' id='word_1_215' title='bbox 0 0 1708 5180; x_wconf 95' lang='lat' dir='ltr'> </span> 
     </span>
    </p>
   </div>
  </div>
 </body>
</html>
