3408 5180
892 543 934 616 dd

391 766 522 831 Etenim
556 765 756 851 philosophia
790 765 846 828 illa
880 766 983 850 qualis
1019 787 1038 829 a
1072 765 1200 830 Socrate
1235 770 1268 830 et
1303 764 1440 830 Platone

393 888 511 952 tradite
524 890 593 952 erat
602 890 708 951 tractu
719 885 871 979 temporis
884 885 1085 970 aliquantum
1097 890 1221 950 mutata
1233 891 1312 964 erat,
1325 907 1440 970 eosque

392 1008 448 1091 qui
470 1006 605 1073 Luciani
634 1011 776 1091 tempore
800 1007 990 1072 Academiae
1021 1029 1053 1071 se
1077 1007 1289 1071 adscriberent
1322 1028 1440 1071 nomen

393 1127 521 1211 quidem
545 1125 688 1192 Platonis
712 1130 744 1190 et
766 1124 957 1190 Academiae
980 1126 1270 1210 praeseferentes,
1293 1125 1440 1190 doctrina

394 1250 426 1310 et
459 1247 586 1330 placitis
615 1269 689 1311 vore
720 1246 913 1321 ἐκλεκτικούς
949 1246 1053 1310 dicere
1087 1268 1203 1330 posses.
1235 1247 1257 1331 ι)
1293 1245 1368 1311 Jam
1399 1245 1440 1309 ab

395 1363 550 1430 Arcesilai
572 1366 647 1429 inde
668 1365 882 1450 temporibus,
906 1365 1031 1429 saeculo
1058 1365 1153 1429 tertio
1178 1369 1253 1429 ante
1277 1363 1440 1429 Christum

394 1489 518 1567 natum,
538 1484 654 1549 habuit
680 1485 740 1549 hoc
763 1483 938 1548 Academia
961 1483 1045 1568 quod
1069 1482 1178 1549 Cicero
1201 1485 1294 1550 nobis
1316 1483 1442 1550 rettulit

396 1602 430 1666 in
454 1601 654 1668 Academicis
666 1601 692 1690 ²)
716 1604 754 1669 de
778 1604 865 1688 ips0‚
890 1626 984 1689 quem
1009 1604 1255 1682 nominavimus
1279 1603 1441 1668 Arcesilao

402 1724 511 1804 «quod
546 1726 681 1808 negaret
715 1744 780 1786 esse
814 1722 987 1807 quidquam
1022 1723 1105 1807 quod
1139 1722 1212 1788 sciri
1245 1726 1366 1807 posset,
1401 1744 1442 1786 ne

397 1838 498 1903 »illud
521 1839 648 1924 quidem
679 1839 782 1924 ipsum
807 1840 890 1924 qnod
922 1839 1064 1905 Socrates
1095 1840 1156 1904 sibi
1179 1840 1373 1925 reliquisset,
1397 1840 1443 1906 sic

397 1958 527 2022 »omnia
542 1958 656 2021 ‘lacere
686 1957 721 2021 in
756 1957 897 2035 occulto,
929 1979 1031 2042 neque
1063 1981 1128 2024 esse
1160 1959 1335 2044 quidquam
1358 1960 1442 2044 quod

397 2075 506 2140 »cerni
529 2080 585 2140 aut
607 2075 745 2160 intelligi
768 2080 889 2160 posset;
914 2077 1030 2161 quibus
1056 2077 1219 2142 decausis
1241 2077 1323 2141 nihil
1347 2099 1441 2161 opor-

367 2245 369 2249 ,
397 2198 485 2258 »tere
508 2215 610 2277 neque
633 2192 791 2278 profiteri,
815 2215 917 2278 neque
942 2193 1100 2259 affirmare
1122 2216 1317 2279 quemquam
1338 2218 1442 2281 neque

399 2312 601 2377 »assensione
632 2310 848 2395 approbare»,
871 2309 956 2374 Illud
979 2310 1083 2394 ipsum
1114 2312 1198 2396 quod
1220 2334 1324 2397 neque
1347 2313 1441 2397 quid-

398 2452 494 2513 quam
528 2428 701 2493 affirmaret
734 2449 837 2511 neque
861 2427 1042 2491 assensione
1072 2429 1263 2513 approbaret
1293 2429 1442 2506 1111111-

398 2549 527 2614 demieis
550 2547 703 2613 vocabulo
728 2546 850 2632 ἐπέχειν
874 2545 1034 2630 designari
1060 2545 1229 2633 1111111113),
1249 2549 1333 2633 quo'd
1350 2550 1442 2614 avide

397 2667 558 2732 Lucienus
591 2664 727 2748 arripuit
762 2665 846 2728 unde
868 2666 933 2729 tela
963 2670 1101 2730 sumeret
1124 2667 1158 2729 in
1184 2667 1387 2733 Academiam
1410 2673 1443 2733 et

398 2785 551 2871 quidquid
585 2787 664 2848 esset
698 2783 792 2846 huius
815 2787 917 2848 sectae
940 2782 1198 2869 philosophorum
1233 2785 1441 2871 conjicrende.

398 2902 576 2967 Audiamus
607 2903 710 2968 modo.
747 2902 786 2966 In
824 2902 904 2967 «Bis
927 2908 1093 2968 accusato»
1112 2894 1136 2988 ⁴)
1159 2903 1264 2988 prima
1287 2928 1368 2990 quae
1391 2929 1441 2972 re-

396 3021 514 3086 citatur
536 3042 629 3085 causa
652 3020 730 3086 haec
754 3025 817 3085 est:
841 3021 944 3105 Μέθη
968 3025 1049 3086 κατὰ
1073 3028 1126 3103 τῆς
1144 3022 1347 3107 Ἀκαδημίας
1362 3027 1441 3110 ὑπὲρ

396 3140 583 3225 Πολέμωνος
621 3142 887 3226 ἀνδραποδισμοῦ.
923 3140 1008 3208 Setis
1042 3145 1120 3206 nota
1150 3164 1199 3208 res
1233 3149 1298 3223 est,
1329 3149 1367 3210 ut
1394 3151 1442 3210 est

345 3282 351 3295 ·
396 3263 482 3346 enim
505 3261 589 3346 apud
612 3260 803 3326 Horatium:

529 3380 672 3445 Mutatus
694 3380 846 3447 Polemon

439 3934 461 4011 1)
484 3938 612 4008 Zenona,
635 3936 690 3995 Die
712 3936 784 3997 Phil.
808 3938 858 3996 der
880 3937 1036 4006 Grieohen‚
1061 3941 1113 3996 etc.
1133 3935 1197 4007 ΙΠ,
1224 3939 1259 4006 1,
1286 3938 1356 3994 810.

440 4035 463 4113 ²)
487 4041 574 4100 Acad.
598 4041 627 4110 I,
653 4043 707 4111 la,
731 4044 783 4101 45.

438 4140 462 4218 ³)
486 4144 572 4222 Diog.
595 4145 687 4204 Laert.
711 4145 763 4216 IV,
790 4148 824 4215 6,
850 4147 898 4204 18.

436 4238 460 4327 ⁴)
483 4250 534 4308 Bis
556 4255 700 4308 aecusatus
723 4249 755 4308 G.
784 4251 833 4306 13.
