3372 5180
885 593 955 674 54Ι

384 818 508 900 πρῶτον
543 815 600 898 οὐχ
623 815 684 897 dua
708 814 724 876 ὃ
755 839 785 880 τι
809 813 880 878 ποτ’
902 817 944 879 ἄν
968 813 1015 896 εἴη
1039 816 1183 894 τάγαθὸν
1209 817 1251 888 ὡς
1274 807 1427 890 druhtmer

384 935 488 1000 δοκεῖν
512 941 576 1000 τών
599 937 705 1000 πόνων
729 941 793 1000 τῶν
816 941 982 1008 τοσούτων.
1007 933 1057 999 Ne
1084 933 1184 1020 igitur
1206 933 1313 998 fusum
1335 933 1428 1018 fuga·

382 1057 518 1138 tumque
532 1052 769 1118 Hermotimum
781 1055 864 1120 male
880 1055 1055 1120 mulcatum
1070 1077 1089 1118 a
1105 1076 1137 1119 se
1158 1053 1301 1119 dimittat
1311 1051 1431 1132 ‚dabit

384 1173 433 1237 illi
468 1171 663 1258 ἔμπλαστρον
698 1173 826 1258 aliquod
859 1195 924 1258 quo
956 1173 1090 1239 vulnera
1121 1177 1294 1258 utcumque
1323 1173 1431 1237 fovere

384 1291 484 1375 possit
518 1295 550 1356 et
585 1312 778 1376 magnopere
811 1293 841 1356 ei
871 1293 1073 1358 commendat
1103 1292 1274 1370 virtutem,
1306 1296 1364 1374 τὴν
1395 1295 1429 1358 ἐν

385 1417 490 1499 ἔργοιο
517 1410 612 1482 οὖσαν
643 1436 725 1499 qnae
755 1415 892 1479 exerceri
923 1420 955 1480 et
984 1416 1094 1500 quaeri
1116 1419 1221 1500 potest
1243 1415 1346 1480 missis
1367 1415 1431 1478 illis

386 1536 578 1621 syllogismis
609 1540 643 1602 et
676 1537 833 1621 perplexis
866 1538 1104 1622 quaestionibus
1136 1554 1214 1621 quas
1247 1559 1303 1601 vos
1337 1558 1432 1622 agere

387 1657 494 1721 sedulo
528 1657 651 1735 solete,
686 1660 719 1720 et
751 1656 840 1720 addit
862 1649 886 1742 ¹)
918 1660 954 1736 τὸ
984 1657 1013 1722 d’
1037 1660 1122 1740 ὑμεῖς
1145 1659 1223 1726 ὅταν
1247 1658 1335 1738 εἴπω,
1361 1661 1432 1732 rodo

387 1782 500 1863 ὰκρονς
524 1781 588 1844 τῶν
619 1777 871 1859 φιλοσοφούντων
896 1779 985 1862 φημί,
1018 1801 1082 1863 qua
1110 1799 1144 1842 re
1171 1778 1289 1842 iterum
1311 1778 1432 1862 planis·

388 1895 467 1960 sime
489 1897 627 1961 ostendit
642 1895 801 1960 Luoianus
814 1919 849 1960 se
864 1895 972 1960 omnia
987 1918 1102 1980 susque
1118 1895 1218 1979 deque
1233 1895 1315 1959 ferre
1330 1917 1433 1980 neque

389 2021 461 2092 τοοζσ
497 2023 610 2103 dapem
654 2026 717 2084 τῶν
757 2017 1010 2099 φιλοσοφούντων
1043 2016 1235 2080 intellexisse
1268 2036 1433 2099 umquam.

263 2179 264 2184 κ
389 2135 608 2200 Hermotimus
639 2141 745 2200 antem
769 2136 901 2201 verbum
924 2157 990 2200 non
1013 2135 1149 2219 amplius
1173 2134 1357 2232 obloquitur
1379 2134 1433 2207 sed

389 2255 484 2339 plane
506 2255 670 2320 convietus
693 2256 822 2321 tandem
845 2257 964 2320 fatetur
987 2277 1019 2320 se
1035 2254 1239 2338 philosophos
1253 2254 1432 2339 fugiturum

319 2368 322 2374 ⁵
389 2395 455 2438 esse
477 2375 513 2438 in
539 2378 702 2458 posterum
735 2380 901 2460 tamquam
924 2379 995 2451 totle
1020 2375 1202 2449 λυττῶντας
1226 2381 1290 2440 τῶν
1314 2378 1432 2440 κυνῶν.

433 2495 487 2558 En
515 2494 639 2560 habetis
661 2495 960 2561 commentationem
993 2494 1246 2580 philosophicam
1268 2495 1354 2558 illius
1378 2493 1434 2578 qui

389 2612 525 2676 aliorum
548 2613 732 2698 disciplinas
751 2636 794 2678 ne
807 2613 934 2690 Socrate
949 2614 1076 2699 quidem
1092 2617 1221 2697 excepto
1237 2617 1304 2677 tarn
1320 2612 1435 2677 aeriter

390 2731 621 2816 perstrinxerit.
646 2732 785 2809 Quodsi
807 2733 889 2798 forte
911 2756 950 2798 ex
965 2757 1001 2799 eo
1025 2757 1173 2819 quaeras:
1192 2733 1273 2810 Quid
1300 2733 1453 2818 dignum·

390 2853 483 2914 tanto
524 2850 627 2914 tulisti
655 2850 772 2915 hiatu?
802 2851 912 2915 statim
945 2853 1165 2937 respondebit:
1197 2852 1253 2918 Nil
1284 2851 1362 2924 perti
1396 2851 1435 2928 de

391 2991 551 3054 quaquam
573 2991 608 3033 re
630 2969 787 3035 affirmare
809 2993 954 3056 possum,
972 2972 1118 3056 equidem
1134 2977 1296 3036 exstruere
1311 2975 1343 3036 et
1358 2992 1435 3034 oon-

390 3108 508 3171 ponere
540 3087 635 3172 plane
669 3109 808 3172 nequeo,
843 3089 989 3156 demoliri
1023 3112 1098 3154 vero
1132 3094 1164 3154 et
1199 3090 1264 3154 solo
1301 3110 1437 3173 aequare

391 3207 491 3271 valeo.
522 3205 567 3270 Et
597 3229 713 3291 quum,
743 3210 781 3271 ut
810 3207 845 3272 in
875 3206 1002 3292 dialogo
1031 3210 1082 3272 oui
1112 3209 1224 3274 titulus
1253 3209 1384 3282 ‘Alaea
1415 3215 1435 3291 ἠ

389 3326 595 3412 deoptantur&
617 3329 785 3404 narratur,
812 3325 928 3390 summi
948 3325 1150 3409 antiquitatis
1165 3327 1346 3412 philosophi
1362 3347 1435 3390 eum

393 3448 560 3522 accusant,
583 3444 789 3510 reminiscens
812 3467 844 3509 se
867 3467 933 3510 esse
955 3445 1118 3510 rhetorum
1134 3446 1300 3519 alumnum
1316 3468 1436 3532 magna

392 3563 551 3648 gravitate
593 3564 761 3629 verborum
796 3568 828 3630 et
860 3563 982 3629 facetiis
1016 3563 1138 3630 festivis
1175 3588 1250 3630 sane
1284 3566 1436 3631 adhibitis

391 3685 499 3768 palam
522 3682 723 3766 profitebitur
742 3705 774 3748 se
789 3703 916 3748 omnem
932 3704 1048 3746 uanam
1064 3682 1282 3769 philosophiae
1298 3685 1435 3768 speeiem

393 3803 527 3886 pessime
557 3804 675 3883 odisse,
710 3805 794 3890 qnod
827 3806 874 3870 vel
905 3805 1001 3870 semel
1030 3804 1151 3890 legenti
1181 3803 1331 3870 Vitarum
1359 3828 1435 3870 auo·

393 3921 513 3986 tionem
535 3922 847 4007 impudentissimum
870 3923 1071 3988 mendacium
1089 3945 1155 3988 esse
1177 3923 1286 3988 statim
1300 3924 1433 4008 patebit.

396 4144 613 4153 ——-

439 4268 463 4357 ¹)
484 4280 550 4366 lbra
572 4283 604 4341 0.
630 4285 679 4345 νο.
