3408 5180
772 545 834 613 111

277 762 338 834 alde
360 774 435 852 μήτε
458 767 557 834 ἄλλον
580 772 721 843 εἴποντος
744 775 885 852 ἤκοοοεν,
909 770 942 831 eb
960 765 1148 832 Jambulum
1171 764 1228 850 qui
1250 767 1322 850 napi

276 891 342 952 τῶν
366 890 400 952 ἐν
412 894 452 971 τῇ
473 887 593 974 μεγάλῃ
617 887 763 974 θαλάττῃ
780 886 883 952 πολλὰ
900 886 1064 967 παράδοξα
1088 884 1274 968 conroripsib
1299 885 1323 968 1)

280 1010 311 1070 eb
323 1007 466 1070 omnium
483 1007 681 1070 mendacium
699 1006 921 1071 historicorum
936 1006 1131 1090 principem,
1148 1002 1324 1068 Homerum

278 1124 314 1188 in
334 1123 483 1208 Odyssea.
504 1123 544 1188 ln
562 1127 698 1190 secundo
715 1126 900 1210 praeserbim
916 1125 1041 1206 libello,
1058 1147 1152 1208 quern
1172 1123 1211 1186 ad
1228 1127 1326 1207 caput

278 1243 317 1307 de
339 1243 535 1328 philosophis
562 1246 631 1329 jam
655 1246 749 1310 semel
782 1245 952 1310 etiterum
983 1243 1185 1309 laudavimus
1216 1242 1325 1306 fictam

280 1367 312 1428 eb
334 1363 488 1428 inaudibis
518 1365 611 1428 rebus
640 1365 767 1450 plenam
798 1364 924 1430 itineris
958 1362 1200 1446 descripiionem
1232 1360 1326 1425 nobis

281 1483 429 1567 exponit,
461 1483 550 1548 cuius
581 1484 705 1548 itineris
734 1484 916 1569 prodigiosa
949 1483 1102 1546 miracula
1134 1485 1166 1544 et
1193 1479 1326 1544 lascivos

278 1607 366 1690 jocos
389 1605 442 1671 hic
464 1606 608 1690 pluribus
630 1607 745 1671 referre
769 1607 895 1670 animus
918 1627 986 1669 non
1010 1608 1075 1681 est,
1102 1603 1219 1687 parlim
1243 1601 1327 1686 quod

277 1726 345 1810 jam
369 1725 491 1811 pridem
514 1748 551 1790 ea
574 1726 648 1790 inde
670 1726 881 1810 decerpsimus
905 1747 986 1810 quae
1009 1723 1138 1787 valeanl
1161 1722 1201 1786 ad
1224 1721 1328 1805 philo-

283 1843 398 1927 sophos
406 1844 852 1930 ludificand0s‚parbimquod
861 1845 1187 1929 reliquahocianlum
1196 1841 1327 1906 nomine

282 1962 321 2026 ad
330 1963 527 2048 propositum
537 1969 681 2028 nostrum
694 1963 817 2028 faciunt
824 1965 909 2048 quod
918 1963 993 2028 inde
1004 1962 1151 2047 colligere
1159 1982 1325 2046 possumus

283 2102 378 2164 quem
401 2081 441 2145 ad
471 2081 569 2146 finem
600 2082 736 2148 nimium
767 2083 852 2147 isiud
883 2082 1060 2148 mentiendi
1091 2082 1232 2147 studium
1262 2101 1329 2145 sese

279 2201 402 2285 jactare
433 2202 557 2267 soleret.
589 2201 691 2266 Simul
721 2201 822 2286 igilur
851 2207 888 2266 ut
919 2225 1019 2268 vanos
1053 2202 1130 2267 isles
1164 2201 1332 2265 historicos

282 2319 479 2404 perstringab
502 2320 673 2405 conscripti
698 2320 846 2386 videnlur
869 2321 931 2386 duo
955 2331 1009 2405 τῆς
1032 2323 1172 2406 ἀληθοῦς
1196 2322 1332 2406 ἱστορίας
1404 2302 1406 2305 ¹

283 2437 386 2502 libelli
404 2442 437 2503 ab
455 2443 493 2503 ui
505 2461 615 2503 ansam
628 2439 667 2504 ad
683 2440 848 2523 complura
860 2441 923 2504 alia
936 2442 1196 2526 reprehendenda
1208 2442 1332 2525 capiam

283 2556 322 2622 da
355 2557 554 2644 philosophis
584 2562 654 2645 jam
684 2583 780 2646 supra
810 2561 965 2640 vidimus3
998 2566 1033 2627 ab
1062 2561 1160 2626 etiam
1187 2561 1332 2625 criticam

283 2681 385 2740 arbem
409 2700 475 2744 non
497 2679 579 2744 nihil
603 2701 669 2744 esse
702 2701 843 2745 arrosam
878 2679 1028 2764 suspicor.
1064 2679 1202 2764 Nempe·
1221 2682 1335 2744 auctor

282 2794 380 2879 fingit
402 2818 435 2859 se
465 2797 605 2864 Homero
638 2800 768 2863 obvium
798 2801 918 2864 facium
942 2821 1009 2864 esse
1037 2821 1132 2884 quem
1154 2799 1336 2883 interrogat

281 2935 382 2997 pauca
402 2920 472 3001 περί
494 2923 557 2985 τῶν
574 2920 796 3002 ἀθετουμένων
817 2921 942 3006 στίχων.
965 2917 1123 2984 Homerus
1143 2919 1285 2983 affirmat
1301 2939 1334 2983 se

283 3033 480 3100 omnesisbos
488 3037 691 3103 addubitato
700 3038 871 3103 versiculos
878 3039 1056 3123 scripsisse3
1070 3042 1333 3120 κατεγίγνωσκον,

282 3149 445 3218 Lucienus
460 3155 578 3240 inquil,
595 3153 651 3224 οὖν
668 3163 732 3225 τῶν
749 3160 828 3241 ἀμφὶ
855 3163 909 3226 τὸν
932 3161 1113 3243 Ζηνόδοτον
1138 3166 1190 3225 καὶ
1217 3161 1332 3240 Ἀρίο-

281 3297 399 3361 ταρχον
422 3285 648 3361 γραμματικῶν
672 3279 794 3360 πολλὴν
818 3287 875 3362 τὴν
900 3282 1126 3367 ψυχρολογίαν.
1151 3284 1176 3367 ²)

326 3372 504 3461 Liuianum
528 3403 636 3464 erilem
659 3400 761 3464 mullo
777 3400 842 3465 sale
858 3399 1039 3465 defricuisse
1056 3401 1331 3466 mendacissimum

281 3532 440 3596 quemque
471 3515 695 3583 historicorum
726 3539 794 3583 non
817 3524 865 3584 esi
895 3520 979 3604 quod
1009 3520 1101 3584 valde
1133 3519 1283 3585 miremur
1305 3522 1333 3585 si

280 3630 390 3713 paullo
414 3636 596 3701 accuratius
618 3637 826 3721 inspiciamus
850 3637 926 3722 quid
950 3638 1096 3722 aequales
1112 3642 1144 3703 el
1158 3640 1242 3704 bona
1258 3665 1332 3726 pars

281 3821 470 3835 -ἡι

325 3932 348 4010 ¹)
371 3935 414 3995 Cf.
439 3941 559 4001 omnino
582 3941 618 4000 de
651 3943 708 4002 illis
731 3943 852 4002 libellis:
887 3944 996 4005 senone
1017 3947 1101 4007 Halle
1123 3951 1214 4010 1838.
1237 3951 1333 4012 Erwin

281 4040 382 4101 Robde
404 4043 482 4102 Uber
504 4049 635 4111 Lukians
657 4053 760 4110 Schrilt
780 4053 917 4123 Λούκιος
940 4054 961 4132 ἦ
983 4047 1093 4128 Ὄνος,
1118 4079 1145 4135 p.
1171 4063 1224 4131 21,
1251 4065 1300 4120 22.

281 4145 346 4307 Οἳ)
370 4147 459 4208 Verae
482 4152 633 4217 Historiae
656 4157 701 4228 ΙΙ,
725 4157 756 4241 Ο.
782 4161 831 4218 20.
855 4159 897 4218 Cf.
926 4160 961 4218 de
983 4162 1119 4240 Calypsus
1146 4164 1263 4241 epistola
1286 4163 1331 4237 11,

304 4270 349 4331 up.
375 4253 426 4315 35.
893 4287 895 4290 -
