3408 5180
785 558 848 624 105

293 800 391 863 quare
420 799 473 843 eos
502 778 622 862 partim
649 779 758 864 ejecit,
785 757 905 863 partim
924 777 1095 844 interfecit.
1120 778 1146 864 i)
1166 778 1336 844 Paullatim

295 902 401 962 autern
440 897 598 962 rhetorica
637 919 670 961 se
707 897 861 961 recreavit
899 901 931 961 et
968 897 1144 963 honoribus
1179 899 1340 962 cumulata

295 1022 342 1082 ost
385 1017 456 1081 miti
497 1017 657 1082 Hadriani
700 1018 851 1102 imperio,
897 1018 953 1103 qui
995 1021 1075 1082 teste
1117 1017 1209 1084 Aelio
1240 1019 1338 1104 Spar·

293 1137 383 1201 tiano
422 1159 532 1201 omnes
562 1139 750 1221 professores
781 1140 814 1200 et
844 1136 1016 1202 honoravit
1046 1141 1078 1202 et
1111 1138 1224 1204 divites
1246 1139 1337 1216 fecit,

295 1260 327 1320 et
364 1256 399 1319 in
438 1278 562 1320 summa
599 1255 819 1320 familiaritate
852 1255 934 1321 vixit
968 1278 1040 1320 curn
1075 1257 1271 1341 philosophis
1307 1261 1340 1323 ct

294 1374 474 1439 rhetoribus
490 1365 526 1460 ²);
540 1374 672 1439 minime
684 1375 754 1439 ideo
766 1374 947 1438 mirandum
964 1379 1020 1453 est,
1033 1376 1117 1459 quod
1128 1375 1340 1441 Philostratus

294 1499 424 1572 narrat,
457 1494 612 1580 sophistas
642 1500 674 1559 et
699 1495 841 1559 rhetores
868 1517 1111 1579 nonnumquam
1135 1500 1203 1560 arte
1226 1496 1341 1560 divites

294 1615 392 1680 lactus
405 1637 481 1694 esse,
493 1637 629 1700 quorum
640 1615 676 1679 in
688 1636 821 1678 numero
836 1614 899 1678 fuit
914 1614 1096 1679 Heraclides
1111 1615 1243 1699 quinon
1256 1616 1341 1680 mul·

293 1737 364 1798 tum
379 1733 415 1796 in
432 1734 590 1798 rhetorica
606 1733 741 1797 valuisse
754 1733 894 1809 videtur,
912 1737 1055 1797 attamen
1074 1734 1158 1817 apud
1169 1733 1341 1820 Smyrnam

265 1843 270 1852 ’
294 1853 459 1937 praedium
475 1853 588 1917 habuit
604 1853 656 1918 cui
671 1876 787 1920 nomen
804 1859 873 1917 crat
885 1854 1066 1938 Ῥητορικὴ,
1085 1855 1195 1939 γῄδιον
1209 1856 1340 1920 δεκατά-

296 1974 413 2040 λαντον
434 1978 515 2039 κατὰ
528 1979 585 2057 τὴν
601 1982 755 2058 Σμύρναν
774 1974 950 2057 ἐωνημένον
963 1978 996 2039 ἐκ
1009 1980 1073 2040 τῶν
1085 1976 1260 2058 ἀκροάσεων
1273 1971 1297 2061 ³)
1310 1980 1343 2040 et

295 2095 531 2179 Hippodromus
543 2096 713 2160 Thessalus
730 2096 785 2181 qui
797 2118 869 2160 cum
882 2094 1111 2160 Atheniensem
1127 2097 1341 2181 sophistarum

294 2212 477 2277 cathedram
507 2235 563 2299 per
593 2218 730 2298 quatuor
751 2214 815 2279 fere
838 2237 940 2279 annos
963 2215 1152 2280 obtinuisset
1173 2217 1341 2302 ἀπηνέχθη

295 2336 391 2400 αὐτοῦ
414 2335 474 2399 ὑπὸ
498 2345 552 2416 τῆς
576 2339 724 2414 γυναικὸς
748 2338 800 2399 καὶ
825 2346 878 2400 τοῦ
902 2335 1048 2402 πλούτου.

338 2455 372 2519 Ν
372 2476 415 2518 on
428 2455 508 2518 mihi
519 2455 627 2520 videor
642 2478 699 2540 pro
711 2455 831 2519 viribus
844 2454 881 2518 de
898 2454 1078 2518 rhetoribus
1090 2457 1195 2519 aetate
1202 2453 1340 2519 -Luciani

295 2573 476 2640 disseruisse
499 2575 562 2640 nisi
584 2575 704 2660 aliquid
727 2575 901 2658 adjunxero
917 2577 985 2659 capt
1002 2584 1055 2639 τοῦ
1071 2574 1215 2657 οἰοιδίμον
1231 2574 1341 2640 collo-

297 2703 404 2778 γισμοῡ
435 2718 499 2781 quo
522 2697 687 2781 litigantes
716 2699 748 2760 et
770 2697 805 2760 in
828 2697 912 2761 fictis
935 2698 1122 2781 plerumque
1145 2697 1246 2761 causis
1269 2718 1341 2761 ver-

296 2823 403 2883 santes
431 2819 571 2882 rhctorcs
601 2819 819 2883 lubentissime
850 2819 1032 2883 utebantur.
1069 2819 1164 2903 Apud
1187 2819 1340 2883 Nostrum

297 2937 392 3000 semel
422 2940 455 3000 et
485 2936 601 3001 iterum
633 2937 670 3001 de
699 2937 891 3022 syllogismis
922 2959 1095 3022 eorumque
1118 2939 1209 3022 ranis
1231 2938 1342 3002 formis

297 3055 417 3120 mentio
439 3055 492 3119 fit.
520 3055 716 3141 Chrysippus
737 3058 772 3120 in
788 3056 937 3121 Vitarum
953 3057 1101 3122 auctione
1116 3062 1344 3122 commemorat

299 3196 364 3239 esse
387 3174 557 3238 nonnullas
574 3175 673 3255 λόγων
690 3176 868 3252 πλεκτάνας
883 3175 934 3252 αἷς
950 3178 1129 3259 συμποδίζω
1144 3181 1214 3252 τούς
1230 3202 1342 3261 προσο·

298 3294 484 3375 μιλοῦντος,
508 3294 543 3358 in
574 3293 729 3359 Conririo
759 3293 977 3359 Hetoemocles
1006 3295 1163 3380 gloriatur
1192 3317 1224 3359 se
1245 3295 1342 3378 syllo-

298 3412 402 3496 gismo
429 3435 493 3476 uno
516 3435 572 3476 ora
596 3413 844 3477 adversariorum
870 3413 1019 3478 obturare
1041 3435 1132 3497 posse
1154 3418 1186 3478 et
1203 3414 1236 3476 in
1250 3411 1343 3479 Gallo

298 3531 543 3616 Thesmopoliso‘
557 3532 721 3614 φιλόσοφος
733 3530 776 3606 εἷς
789 3539 853 3598 τῶν
867 3536 941 3616 πρὸς
955 3541 993 3596 τὰ
1004 3525 1148 3616 μειράκιον
1164 3531 1342 3615 φλυαρούν-

198 3718 201 3724 ,
299 3676 361 3716 των
385 3649 557 3714 identidem
582 3651 666 3715 inter
688 3651 809 3735 reliqua
833 3651 967 3714 absurda
991 3673 1071 3735 quae
1091 3650 1250 3722 Lucianus
1268 3672 1341 3714 eum

342 3935 365 4014 ¹)
387 3939 460 3998 Gell.
484 3940 522 3997 N.
546 3940 581 3998 Α.
604 3939 667 3998 XV.
694 3943 742 3998 ll.

339 4047 366 4118 a)
388 4043 549 4101 Philostrat.
573 4043 602 4113 Ι,
630 4045 659 4102 8.
681 4044 708 4114 I,
736 4045 790 4112 tt,
816 4046 844 4103 3.
1457 4108 1460 4114 ,

342 4143 365 4220 ³)
400 4144 472 4202 Phil.
504 4145 548 4215 Il,
580 4149 629 4204 26.
658 4145 808 4224 lbid.‚11,
843 4149 892 4204 28.
916 4145 958 4204 cf.
985 4147 1102 4203 omnino
1135 4146 1224 4204 Gilua.
1248 4146 1344 4206 Erster

300 4249 383 4308 Band
404 4249 444 4307 Il.
475 4249 529 4306 Die
558 4251 735 4309 Professorcn
762 4270 790 4309 u.
819 4250 975 4308 Studenten
1002 4250 1051 4308 der
1073 4251 1155 4309 Rom.
1179 4249 1342 4312 Kaiserzeit.
