3408 5180
792 543 833 607 59

292 763 371 830 sario
390 764 511 828 insulsa
530 762 701 849 garrulitas
720 765 752 826 et
765 760 944 846 loquacitas
955 761 990 826 in
1002 762 1069 826 eius
1088 762 1193 827 looum
1212 783 1334 826 sueces-

292 883 341 949 sit.
350 883 374 966 ¹)
385 881 500 947 Aetate
511 885 619 946 autem
631 881 764 946 Luciani
776 902 885 945 omnes
896 880 997 965 igitur
1005 880 1052 944 illi
1064 880 1119 965 qui
1131 880 1206 945 novi
1214 880 1335 966 aliquid
1369 909 1370 914 ¹

290 1002 530 1086 profiterentur,
546 1000 597 1065 vel
612 1000 668 1084 qui
684 999 887 1065 declamando
903 1003 935 1064 et
947 999 1165 1084 philosophica
1177 999 1333 1084 quaedam

291 1120 470 1186 disserendo
492 1119 636 1206 regiones
651 1122 876 1204 peragrarent,
889 1118 1049 1203 sophistae
1064 1119 1244 1184 audiebant.
1262 1119 1335 1184 Jam

292 1247 386 1325 supra
417 1237 579 1306 Christum
609 1243 646 1302 nt
676 1238 731 1324 qui
761 1261 878 1306 novam
908 1239 1135 1332 introduxisset
1158 1239 1334 1304 doctrinam

293 1359 373 1443 apud
387 1358 542 1423 Nostrum
557 1358 666 1432 ‹omroi
674 1357 803 1422 affixum
816 1357 1007 1442 sophistam»
1020 1357 1181 1443 designari
1189 1358 1336 1424 vidimus

294 1479 341 1544 De
376 1465 527 1565 sophistis
556 1478 742 1544 docentibus
780 1479 923 1544 mercede
938 1474 940 1478 ’
953 1483 1081 1564 accepta
1109 1479 1337 1562 imperatorum

295 1598 528 1674 munificentia,
566 1601 693 1682 postea,
723 1597 779 1662 ubi
799 1598 925 1683 singula
956 1620 1100 1683 quaeque
1122 1597 1336 1683 attingemus,

293 1717 478 1783 videbimus
510 1716 606 1782 Nune
635 1717 787 1802 quoniam
821 1737 940 1782 nomen
962 1717 1038 1782 satis
1062 1717 1254 1802 explicatum
1277 1739 1337 1802 pu-

293 1842 399 1906 tamus
410 1839 549 1923 primum
562 1837 716 1922 deprimo
729 1859 845 1922 genere
856 1837 1071 1922 sophistarum
1079 1836 1338 1922 ‚dephilosophis

294 1957 419 2043 proprie
431 1955 534 2034 dietis,
543 1956 656 2021 deinde
664 1957 702 2020 de
709 1955 1030 2022 rhetoribusLueiani
1035 1956 1191 2041 judicium
1201 1959 1348 2038 expone?

295 2099 375 2142 mus.
391 2076 501 2153 Esset,
521 2075 651 2160 opinor,
664 2097 776 2161 operae
795 2075 933 2160 pretium
953 2075 980 2140 si
1003 2075 1074 2160 quis
1085 2074 1200 2161 pictori
1212 2075 1338 2142 cuidam

295 2195 372 2260 artis
402 2217 478 2260 suae
509 2197 607 2280 probe
638 2195 740 2279 perito
772 2217 887 2260 munus
919 2195 1103 2280 injungeret
1136 2194 1272 2263 formam
1308 2199 1341 2260 et

295 2313 428 2398 speeiem
459 2313 640 2399 philosophi
672 2313 865 2399 depingendi
888 2337 927 2378 ex
952 2315 991 2378 iis
1013 2337 1095 2398 quae
1118 2313 1277 2384 Lueianus
1301 2315 1340 2378 de

295 2454 331 2497 ea
353 2455 388 2497 re
410 2433 579 2517 scripserit.
611 2432 721 2498 Posset
747 2455 823 2498 sane
849 2434 904 2498 ille
928 2456 967 2498 ex
988 2433 1078 2518 largo
1103 2432 1191 2497 fonte
1213 2433 1340 2498 haurire

295 2556 327 2617 et
357 2552 384 2616 si
414 2554 464 2629 rel
483 2554 590 2638 paullo
617 2553 802 2638 diligentius
829 2553 1007 2619 huoianum
1030 2554 1204 2620 lectitasset
1226 2554 1341 2639 ingens

297 2669 386 2753 eopia
425 2669 579 2734 materiae
606 2669 656 2736 illi
695 2671 919 2753 suppeditaret.
959 2670 1028 2736 Nee
1062 2671 1111 2735 illi
1148 2693 1341 2758 magnopere
1377 2731 1379 2735 .
1431 2645 1434 2649 .

297 2810 389 2853 aurae
416 2809 481 2852 esse
508 2787 635 2852 deberet
662 2786 713 2852 oui
735 2792 838 2852 seotae
861 2788 911 2853 vel
933 2787 1058 2853 seholae
1080 2788 1341 2874 philosophorum

295 2906 367 2992 ille,
391 2927 486 2990 quem
511 2906 681 2991 depingere
708 2907 744 2970 in
770 2908 878 2972 animo
891 2908 1031 2988 haberet,
1049 2909 1226 2994 adscriptus
1249 2915 1340 2988 esset,

296 3048 372 3090 nam
391 3027 582 3091 lineamenta
605 3027 748 3091 omnium
772 3027 954 3092 eommunia
976 3029 1092 3111 quibus
1111 3028 1226 3113 faeiem
1247 3033 1342 3114 atque

296 3146 421 3211 vultum
464 3146 652 3237 adumbrare
686 3151 719 3210 et
754 3147 931 3233 exprimere
968 3152 1074 3232 posset
1107 3148 1226 3232 passim
1257 3149 1342 3232 apud

297 3253 452 3330 Nostrum
476 3267 583 3331 oeulos
603 3266 744 3331 ferirent.
770 3266 873 3343 Quam
888 3267 990 3354 igitur
1005 3267 1149 3338 tabulam
1165 3267 1192 3333 si
1207 3267 1344 3334 Luciani

297 3385 441 3449 animum
473 3388 570 3468 atque
599 3384 766 3450 eonsilium
797 3407 870 3450 eum
901 3385 963 3458 fide
993 3406 1150 3471 exponere
1183 3385 1278 3460 vetlet
1308 3385 1344 3449 in

298 3638 503 3648 ——-----

271 3815 275 3822 ²
340 3828 361 3908 1)
393 3831 444 3889 Est
471 3831 589 3892 mordax
612 3853 679 3894 sane
703 3835 851 3894 sedidem
874 3834 1051 3894 verissimum
1076 3835 1184 3893 dictum
1206 3835 1260 3893 viri
1284 3833 1346 3891 Cla-

296 3935 402 3994 rissimi
423 3935 459 3994 K.
482 3935 585 3996 Lehrs:
610 3939 749 4017 Popul'are
772 3938 903 3998 Aufsorse
925 3958 975 3997 aus
991 3940 1055 3998 dem
1072 3938 1234 3999 Alterthum
1256 3939 1346 4006 1875,

297 4059 323 4116 p.
338 4041 409 4097 404.
424 4039 479 4108 „in
487 4038 543 4096 deu
551 4041 725 4103 Romisohen
733 4041 975 4124 rans-hundeum,
988 4043 1028 4101 als
1041 4042 1242 4111 dieGrieehen‚
1255 4039 1347 4098 denen

298 4160 327 4198 es
349 4140 492 4198 bestimmt
515 4160 573 4202 war
595 4143 649 4202 alle
671 4145 732 4203 ihre
755 4143 886 4222 Aulagen
909 4143 940 4202 iu
963 4146 1131 4204 Kunstform
1154 4164 1189 4205 uu
1211 4142 1347 4222 bringeu,

297 4246 356 4303 ihre
377 4245 629 4326 Gesabuatnigkeit
651 4267 701 4312 zur
724 4251 820 4308 Kunst
841 4246 1042 4332 gestalteten,³’
