3372 5180
782 575 822 644 15

283 799 429 864 Minerva
443 797 599 883 prodiret,
616 821 634 862 a
650 797 795 866 Vulcano
812 797 913 862 securi
928 818 993 860 esse
1012 793 1203 880 percussum.
1229 796 1322 865 Nunc

284 919 358 982 audi
390 918 569 984 Lucienum
603 919 736 983 eandem
771 940 838 982 rem
873 921 1058 982 narrantem
1089 923 1121 982 et
1151 919 1323 1002 comperiet

281 1035 366 1100 bunc
378 1040 506 1118 partum
519 1037 537 1098 J
540 1036 608 1100 ouis
620 1036 732 1104 statim
743 1036 778 1098 in
791 1035 962 1100 ridiculum
976 1037 1131 1101 converti.
1148 1035 1321 1120 Postquam
1416 1098 1417 1101 ,

257 1245 259 1248 Ι
283 1155 319 1218 in
353 1153 478 1238 dialogo
512 1159 625 1218 octavo
659 1154 805 1217 narravit
844 1152 1027 1219 Vulcanum
1059 1157 1173 1218 dovem
1212 1154 1324 1218 adiisse

284 1273 490 1358 eumingenti
502 1273 621 1351 securi,
639 1295 774 1357 eumque
782 1295 839 1356 pro
852 1273 993 1337 mercede
1010 1273 1193 1337 obstetricia
1212 1297 1230 1337 a
1246 1274 1325 1337 Jove

285 1379 432 1476 petivisse
441 1398 591 1458 utreeens
601 1398 678 1456 nata
690 1367 788 1475 Virgo
796 1391 1119 1476 sibidesponderetur,
1132 1391 1167 1456 in
1180 1391 1325 1475 sequenti

286 1518 395 1576 auctor
424 1513 459 1576 in
489 1535 615 1578 scenam
642 1510 818 1576 introducit
845 1511 1032 1596 Neptunum
1059 1516 1092 1576 et
1119 1512 1323 1577 Mercurium.

285 1631 454 1715 Neptunus
470 1632 594 1717 quaerit
603 1653 641 1695 ex
651 1631 807 1696 Mercurio
815 1654 857 1694 an
865 1633 884 1694 J
886 1631 1013 1715 uppiter
1021 1631 1146 1714 copiam
1155 1632 1204 1695 sui
1216 1631 1324 1707 faciat,

286 1770 319 1812 se
329 1750 415 1812 enim
431 1771 503 1814 cum
519 1749 575 1814 illo
591 1749 728 1834 colloqui
743 1749 832 1814 velle.
849 1748 935 1812 Fieri
947 1771 1013 1813 non
1032 1753 1137 1832 potest
1156 1750 1325 1834 respondet

291 1869 475 1934 Mercurius.
496 1868 544 1933 Ad
557 1870 641 1953 qnod
657 1869 842 1952 Neptunus:
855 1867 924 1943 Qua
937 1869 1173 1953 derelinquit,
1196 1877 1264 1955 μῶν
1288 1881 1326 1956 τῇ

285 1989 374 2076 Ἥρᾳ
397 1995 536 2059 σύνεστιν
543 2021 554 2072 ,·
577 1991 687 2074 Longe
718 1990 804 2053 aliud
827 1990 976 2075 quiddam
1011 1995 1072 2068 est,
1105 1991 1211 2075 inquit
1241 1992 1325 2056 Mer-

287 2109 400 2173 curius.
420 2148 460 2158 -
474 2112 506 2175 N
508 2116 571 2195 ept.
587 2111 761 2196 Intellege,
778 2110 977 2194 Ganymedes
993 2111 1081 2176 intus
1103 2115 1161 2176 est.
1177 2149 1219 2162 -
1236 2111 1325 2187 Quod

285 2227 403 2291 iterum
419 2234 517 2314 negat
529 2230 713 2294 Mercurius.
732 2229 836 2314 Magis
853 2230 1017 2314 magIsque
1028 2231 1164 2295 instanti
1175 2230 1326 2315 Neptuno

201 2364 204 2371 ·
283 2345 416 2410 tandem
439 2349 614 2412 Mercurius
637 2349 804 2432 profitetur
826 2349 949 2432 palam,
981 2350 1127 2432 quamvis
1153 2350 1271 2434 pudeat
1293 2350 1326 2412 id

287 2465 409 2549 eloqui:
434 2468 570 2534 Τέτοκεν
593 2470 716 2553 clericae.
748 2476 851 2534 ΠΟΣ.
869 2469 1020 2549 ’'Anuye,
1045 2470 1170 2536 τέτοκεν
1194 2474 1326 2549 ἐκεῖνοςς

286 2591 319 2650 ἐκ
337 2589 444 2666 τίνος,·
468 2589 579 2653 οὐκοῦν
603 2587 744 2668 ἐλελήθει
760 2588 1047 2673 ήμᾶςοίνλρόγννος
1071 2591 1116 2654 ὢν
1127 2617 1139 2670 ;
1162 2588 1232 2653 ἀλλ’
1254 2589 1325 2654 οὐδὲ

288 2715 475 2794 ἐπεσήμηνεν
506 2719 527 2796 ἡ
556 2719 671 2798 γαστὴρ
703 2715 787 2796 αὐτῷ
811 2717 904 2793 ὄγκον
928 2720 1011 2779 τινά.
1040 2711 1163 2776 Deinde
1186 2713 1327 2796 sequitur

287 2831 428 2895 narratio
459 2832 497 2896 de
514 2831 635 2897 Semele
656 2832 790 2895 fulmine
812 2853 957 2916 pereussa
981 2836 1012 2896 et
1035 2833 1073 2896 de
1096 2833 1220 2898 Baccho
1240 2833 1326 2897 foetu

288 2950 502 3034 septimenstri
523 2951 559 3014 in
576 2951 666 3016 Jovis
688 2951 792 3014 femur
811 2951 932 3044 iusut03
951 2952 1125 3016 Mercurius
1141 2975 1159 3015 a
1175 2952 1327 3035 Neptuno

287 3070 418 3134 discedit
442 3076 478 3135 ut
500 3094 617 3155 aquam
640 3075 728 3154 petat
745 3075 777 3135 et
792 3075 895 3135 cetera
911 3075 999 3134 curet
1014 3076 1035 3136 ἃ
1051 3073 1209 3154 νομίζεται
1226 3072 1326 3157 ὥσπερ

289 3191 382 3278 λεχοῖ.
408 3191 441 3255 Si
465 3192 573 3256 omnia
596 3193 674 3256 hacc
697 3192 781 3276 apud
804 3192 882 3256 alios
905 3191 1071 3275 scriptores
1095 3191 1151 3274 qui
1173 3192 1211 3255 de
1233 3191 1327 3255 rebus

289 3333 384 3394 supra
406 3313 544 3377 laudatis
567 3313 762 3378 mentionem
781 3313 927 3378 fecerunt
941 3312 1092 3396 legimus,
1116 3316 1225 3395 poetas
1240 3311 1327 3389 dico,

288 3452 338 3494 res
361 3433 505 3509 eaedem,
529 3432 592 3496 alio
613 3433 705 3496 modo
722 3437 889 3509 narratae,
912 3453 1025 3516 parum
1042 3435 1098 3493 aut
1112 3431 1194 3494 nihil
1209 3431 1329 3493 habent

289 3550 324 3613 in
347 3573 379 3615 se
401 3551 537 3615 ridiculi.
573 3550 748 3629 Lucienus,
778 3550 977 3614 narrationes
1018 3549 1056 3614 de
1079 3549 1128 3614 dis
1150 3549 1330 3632 deabusque

291 3691 484 3753 quamquam
506 3690 633 3752 prorsus
655 3669 858 3754 immutatas,
882 3668 975 3732 sicuti
997 3668 1033 3730 in
1056 3688 1110 3731 ore
1132 3667 1242 3752 populi
1257 3689 1328 3731 ver-

286 3789 460 3873 sabantur,
482 3789 575 3852 nobis
597 3789 746 3867 tradidit,
772 3795 880 3853 tamen
909 3788 998 3872 ,quod
1029 3810 1066 3852 ea
1096 3809 1177 3872 quae
1199 3788 1333 3852 nonnisi

288 3908 392 3971 verbis
415 3930 509 3991 supra
533 3897 658 3972 soccum
682 3909 921 3993 assurgentibus
945 3912 977 3971 et
1005 3907 1108 3971 colore
1131 3906 1252 3991 tragico
1279 3908 1329 3971 vel

274 4024 377 4109 ‘epico
400 4025 518 4089 infecta
540 4025 645 4110 legere
668 4026 822 4104 solemus,
845 4026 971 4110 vulgari
994 4029 1026 4090 et
1048 4027 1195 4109 populari
1217 4026 1329 4110 lingua

290 4143 442 4226 protulit,
466 4167 564 4228 quum
578 4145 671 4208 'idem
695 4144 797 4209 faeere
820 4144 945 4210 videtur
960 4148 1056 4229 atque
1070 4150 1198 4229 poetae,
1221 4166 1329 4208 revera

290 4261 375 4330 idem
398 4284 464 4326 non
485 4262 571 4327 facit.
607 4263 672 4328 Ubi
702 4257 734 4327 di
758 4265 912 4348 deaeque,
945 4285 1023 4348 quos
1058 4263 1183 4348 antiqui
1218 4261 1330 4328 Graeci
