3372 5180
590 1569 1004 1654 PRAEFATIO.

679 1897 896 1942 -eea—

322 2206 504 2289 Antequam
536 2204 575 2267 ad
607 2199 774 2266 materiam
805 2202 907 2286 ipsam
931 2225 1026 2287 quam
1051 2203 1090 2266 ad
1113 2204 1316 2268 tractandum

278 2323 356 2387 mihi
377 2323 515 2407 sumpsi,
542 2322 672 2404 accedo,
695 2343 798 2405 pauca
821 2321 902 2385 mihi
914 2321 1063 2386 videntur
1078 2323 1265 2405 praefanda,
1281 2328 1318 2386 ut

278 2442 367 2506 brevi
395 2443 430 2506 in
461 2445 629 2536 conspectu
656 2446 797 2524 ponatur
819 2440 989 2525 descriptio
1012 2442 1079 2506 eiua
1101 2443 1232 2519 aetatis,
1256 2465 1318 2527 qua

279 2560 360 2623 vixit
393 2563 519 2639 auctor,
555 2560 595 2624 ad
630 2561 720 2643 cujus
750 2559 867 2643 scripta
897 2559 1121 2646 investiganda
1144 2562 1319 2646 meliusque

278 2678 467 2743 illustranda
493 2678 614 2742 huncce
640 2679 783 2743 libellum
813 2679 848 2742 iu
878 2679 981 2744 lucem
1011 2680 1101 2744 edere
1131 2679 1211 2744 mihi
1243 2701 1318 2764 pro-

277 2797 385 2881 posui,
408 2801 441 2862 ot
462 2796 557 2861 simul
579 2800 616 2860 ut
631 2819 782 2881 apparere
801 2797 901 2880 possit
915 2819 1012 2880 quare
1030 2820 1102 2862 enm
1116 2798 1317 2881 potissimum

278 2915 426 3002 elegerim
449 2916 578 2995 ducem,
593 2917 650 3001 qui
661 2916 784 3000 cupidis
796 2915 958 2980 interioria
972 2917 1107 2981 notitiae
1122 2917 1189 2981 eius
1204 2918 1318 2981 aetatis

278 3034 363 3099 viam
387 3039 550 3100 monstret.

323 3151 419 3218 Nulla
443 3152 595 3232 estsere,
617 3154 654 3218 in
675 3156 744 3218 tota
767 3153 978 3240 antiquitate,
1001 3157 1089 3219 actas
1108 3153 1264 3220 difficilior
1279 3155 1319 3219 ad

279 3273 406 3357 penitus
447 3273 699 3358 cognoscendum
733 3295 830 3357 quam
861 3280 948 3340 aetas
978 3273 1230 3339 Antoninorum.
1267 3274 1318 3340 Ab

279 3390 373 3455 initio
418 3391 534 3456 saeculi
578 3392 668 3476 cujus
713 3395 837 3475 partem
878 3392 1126 3480 haudquaquam
1171 3393 1320 3479 exiguam

281 3509 516 3574 Antoninorum
543 3514 630 3574 aetas
652 3510 714 3574 sibi
726 3510 889 3591 vindicat,
911 3512 1090 3597 imperante
1105 3513 1255 3598 Trojano,
1272 3535 1322 3578 res

280 3628 425 3694 Romana
456 3629 528 3694 miti
559 3634 592 3694 et
620 3630 746 3694 liberali
776 3631 829 3696 sed
860 3632 949 3697 brevi
979 3633 1150 3697 admodum
1195 3632 1321 3698 Nervae

280 3748 446 3814 dominatu
468 3749 612 3834 paullum
635 3750 839 3814 convaluerat
858 3773 896 3815 ox
921 3751 1118 3836 gravissimis
1137 3751 1322 3816 vulneribus

181 3900 187 3906 ·
280 3890 361 3952 quae
386 3869 534 3933 immania
557 3872 589 3932 et
611 3868 740 3933 horrida
763 3870 932 3936 crudelitas
953 3872 1134 3936 Flauiorum
1152 3870 1258 3935 ultimi
1273 3870 1323 3934 illi

280 3984 451 4054 inflixerat.
466 3975 606 4050 'Saeculo
629 3987 766 4052 secundo
789 4009 820 4070 p.
837 3986 872 4055 O.
889 4011 921 4054 n.
938 4010 1039 4072 pauca
1056 3989 1208 4052 memoria
1223 3988 1322 4073 digna

279 4105 314 4170 in
349 4106 510 4190 republica
545 4110 635 4190 gesta
669 4112 762 4188 sunt,
793 4108 820 4172 ei
850 4107 982 4192 Trajani
1012 4113 1045 4173 et
1075 4108 1176 4174 Marci
1199 4108 1323 4173 Aurelii

280 4223 364 4288 bella
387 4224 577 4307 excipimus,
601 4247 705 4311 neque
727 4231 835 4291 tamen
859 4248 895 4291 ea
918 4227 1089 4292 admodum
1112 4230 1187 4292 sunt
1209 4228 1320 4291 multa.

1155 4354 1166 4398 1
