3408 5180
904 538 945 600 86

404 755 444 819 ad
472 753 550 818 alios
573 755 741 838 scriptores
764 754 820 818 uhi
844 741 979 839 Cynicos
1013 756 1121 826 audies
1145 757 1254 821 orbem
1281 778 1450 843 peragrare

405 874 607 950 uthomines
630 875 721 959 quasi
744 878 875 939 evocent
897 879 934 939 ut
957 897 1060 940 mores
1083 881 1209 941 mutent
1231 881 1263 940 et
1277 877 1317 941 ad
1333 878 1450 942 bonam

404 993 529 1078 frugem
552 1014 617 1058 sese
648 993 824 1077 recipiant,
852 997 922 1057 tum
954 994 1091 1079 denique
1126 995 1242 1060 senties
1270 996 1449 1061 Lucienum

404 1113 457 1178 hic
479 1114 593 1177 saltem
616 1135 681 1177 esse
703 1112 911 1198 rejiciendum
924 1113 1065 1198 judicem
1086 1136 1189 1199 neque
1210 1115 1276 1179 eius
1296 1117 1384 1200 jocos
1400 1116 1450 1181 vel

405 1232 581 1296 calumnias
617 1230 808 1317 Cynicorum
845 1232 965 1296 famam
1001 1233 1143 1298 minuere
1176 1235 1325 1319 poluisse.
1350 1236 1374 1322 1)
1410 1236 1448 1300 Id

280 1401 284 1410 .
404 1357 533 1417 tantum
548 1373 587 1416 ex
602 1351 634 1416 N
636 1355 720 1417 ostro
745 1351 905 1416 affirmare
920 1356 952 1416 et
968 1374 1025 1436 pro
1042 1357 1127 1418 certo
1150 1376 1266 1438 ponere
1283 1346 1457 1440 possumus
1505 1339 1507 1343 ¹

406 1472 490 1558 quod
509 1471 580 1555 jam
611 1471 704 1535 initio
739 1471 877 1534 diximus
899 1470 935 1535 in
968 1471 1082 1536 horum
1116 1493 1283 1537 censorum
1317 1496 1450 1540 numero

405 1591 501 1655 fuisse
518 1612 644 1675 qnoque
657 1590 844 1668 nonnullos,
858 1590 914 1674 qui
930 1588 1042 1655 Ourios
1057 1591 1246 1656 simularent
1261 1597 1293 1656 et
1309 1591 1452 1658 Baccha-

408 1712 495 1776 nalia
519 1712 673 1777 viverent.
1090 1689 1093 1694 Ι

454 1831 498 1895 At
523 1853 597 1895 vero
629 1835 676 1896 est
698 1853 781 1896 unus
804 1835 899 1916 atque
922 1831 1003 1896 alter
1026 1830 1164 1916 Cynicus
1190 1833 1296 1916 paullo
1320 1833 1451 1917 aequius

407 1973 425 2014 a
459 1949 599 2015 Lucieno
637 1949 774 2016 habitus.
810 1949 913 2014 Probe
948 1950 1011 2016 scio
1041 1950 1116 2035 quid
1151 1949 1212 2014 sibi
1247 1950 1364 2036 velint,
1396 1951 1451 2035 qui

406 2070 438 2133 id
485 2073 540 2133 aut
585 2069 688 2134 simile
745 2069 821 2155 quid
860 2069 957 2156 ¹mihi
1003 2070 1135 2134 fortasse
1187 2071 1449 2136 contradicerent.

407 2188 491 2264 Quos
544 2192 581 2252 ut
629 2188 816 2273 redarguam
863 2193 1035 2273 antequam
1092 2187 1224 2273 Cynicos
1280 2212 1451 2275 eorumque

407 2305 637 2392 philosophiam
661 2308 789 2372 missam
812 2307 911 2383 facie,
936 2330 1035 2392 pauca
1056 2307 1135 2371 mihi
1153 2307 1285 2372 dicenda
1301 2309 1451 2374 uidentur

407 2429 445 2492 de
468 2428 589 2492 duobus
619 2434 722 2493 sectae
753 2428 837 2492 illius
860 2427 1000 2492 asseclis:
1031 2429 1068 2492 de
1092 2427 1253 2492 Demetrio
1278 2433 1309 2492 et
1332 2430 1450 2494 Demo-

407 2551 516 2630 nacte,
533 2569 668 2632 quorum
691 2548 745 2613 ille
768 2548 870 2612 obiter
894 2548 977 2632 apud
1001 2545 1155 2612 Nostrum
1179 2548 1334 2627 occurrit,
1357 2548 1452 2612 huius

406 2671 513 2731 aretem
555 2689 673 2731 nomen
709 2668 817 2732 libello
857 2669 941 2732 inter
979 2667 1113 2733 huciani
1151 2669 1270 2753 scripta
1312 2669 1451 2733 exstanti

406 2787 545 2851 inditum
568 2791 623 2852 est.
646 2787 823 2851 Demetrius
843 2784 981 2871 Cynicus
1004 2788 1087 2872 apud
1112 2785 1264 2853 Nostrum
1287 2787 1337 2851 bis
1363 2791 1451 2852 terve

407 2885 568 2970 inducitur
596 2906 631 2969 in
653 2906 761 2971 libello
784 2910 853 2991 περὶ
884 2909 1035 2993 ὀρχήσεως
1067 2909 1102 2970 in
1131 2907 1345 2971 controversia
1377 2929 1450 2971 cum

405 3024 504 3089 nobili
535 3025 685 3090 saltatore
716 3027 805 3110 cujus
839 3027 953 3090 miram
984 3025 1063 3090 artis
1089 3025 1234 3108 peritiam
1259 3024 1393 3090 Veneris
1417 3031 1450 3090 et

407 3145 520 3211 Martis
544 3145 734 3210 adulterium
758 3145 903 3210 saltando
924 3144 1129 3229 exprimentis
1145 3144 1248 3228 primo
1265 3144 1450 3222 addubitat,

406 3265 518 3330 deinde
557 3265 698 3349 impense
737 3265 864 3340 laudat3
900 3265 1016 3329 iterum
1051 3265 1086 3328 in
1121 3264 1229 3327 libello
1278 3263 1450 3328 «adversus

405 3383 608 3462 indoctum»,
655 3384 709 3448 ubi
757 3384 871 3447 innata
909 3384 1063 3468 quaedam
1113 3381 1240 3467 Cynicis
1268 3382 1448 3447 'insolentia

406 3504 537 3564 notatur
570 3501 674 3586 lepida
709 3501 967 3579 narratiuncula,
1002 3524 1065 3586 qua
1100 3501 1233 3585 fingitur
1268 3485 1448 3565 Demetrius

407 3618 521 3682 stolido
552 3625 584 3683 et
614 3620 732 3684 insulso
756 3620 909 3683 librorum
929 3619 1066 3684 amatori
1093 3618 1299 3704 Euripideum
1323 3622 1450 3706 tragoe-

409 3739 495 3804 diam
518 3739 656 3804 Bacchas
679 3762 696 3804 e
720 3739 868 3804 manibus
892 3741 1043 3824 eripuisse
1062 3741 1242 3838 librumque
1265 3741 1450 3805 dilacerasse
1520 3727 1522 3732 ⁵

452 4125 474 4204 ¹)
497 4082 692 4200 (ithumae,
716 4131 777 4201 Ill,
805 4133 838 4200 1,
863 4149 889 4206 p.
916 4132 973 4190 763
998 4149 1073 4207 sqq.,
1102 4129 1136 4187 de
1159 4127 1254 4186 libello
1279 4129 1324 4186 cui
1346 4149 1449 4187 nomen

408 4232 536 4305 κυνικός
556 4233 681 4293 Lucieno
703 4234 873 4310 abjudicato.
898 4233 939 4292 cf.
963 4233 1119 4302 Braneus,
1143 4252 1169 4309 p.
1196 4235 1266 4291 105.
