3408 5180
792 573 834 638 75

291 791 397 858 Stoico
416 793 464 857 dis
476 792 625 858 omnibus
639 791 750 858 invitis
767 813 822 856 sira
837 792 956 876 placita
968 793 1132 876 probasset
1142 796 1175 857 et
1187 793 1330 878 superior

292 912 491 978 discessisset.
523 911 549 999 ι)
579 912 691 977 Multis
711 912 884 977 multorum
907 912 946 977 de
975 911 1115 997 Epicuro
1143 912 1334 978 testimoniis

292 1032 409 1097 auditis
442 1032 476 1097 id
510 1054 636 1118 quoque
669 1032 761 1097 nobis
795 1032 981 1117 contingere
1014 1035 1119 1116 potest
1159 1036 1196 1096 ut
1229 1032 1335 1117 ipsum

292 1151 457 1216 audiamus
490 1153 529 1217 de
551 1153 717 1237 voluptate
747 1174 871 1217 summo
892 1152 978 1216 bono
995 1151 1200 1216 disserentem
1226 1151 1261 1217 in
1281 1152 1336 1217 Bis

291 1275 438 1336 accusato
461 1276 570 1337 contra
593 1271 772 1349 Porticum,
797 1295 816 1335 a
841 1293 904 1356 qua
919 1293 991 1336 reus
1009 1271 1126 1336 citatus
1141 1275 1189 1336 est
1203 1271 1336 1360 crimine

292 1379 399 1478 plagii.
424 1391 570 1476 Impense
607 1391 672 1456 illic
694 1391 853 1476 Epicurus
875 1391 987 1455 laudat
1016 1391 1223 1477 volgivagom
1245 1392 1335 1456 illam

291 1513 488 1596 voluptatem
508 1513 634 1596 qualem
646 1511 809 1576 Lucianus
829 1514 862 1575 et
879 1510 1057 1576 levissimus
1072 1512 1207 1597 quisque
1218 1534 1336 1597 aequa·

289 1629 369 1693 lium
403 1629 465 1694 sibi
499 1633 534 1694 τὸ
564 1634 631 1696 τῶν
666 1629 892 1716 Ἐπικουρείων
927 1629 1014 1706 τέλος
1051 1652 1118 1695 esse
1152 1630 1335 1717 fingebant,

291 1770 432 1833 eamque,
444 1748 561 1833 inquit,
573 1770 629 1814 vos
641 1747 739 1814 Stoici
749 1770 874 1834 quoque
882 1750 1006 1834 assequi
1015 1753 1046 1814 et
1058 1752 1206 1835 appetere
1221 1748 1336 1828 vultis,

291 1868 343 1932 sed
355 1867 559 1956 quiapalam‚
572 1872 609 1932 ut
631 1889 709 1953 ego,
733 1868 765 1932 id
781 1868 884 1933 facere
907 1891 972 1934 non
992 1869 1132 1948 audetis,
1152 1868 1236 1933 clam
1250 1868 1337 1932 domi

292 1990 393 2054 abditi
431 1989 607 2074 voluptatis
644 1989 769 2075 legibus
803 1991 930 2074 paretis.
967 1989 1035 2066 Qua
1058 1990 1204 2054 oratione
1227 1989 1337 2054 habita

291 2109 448 2194 Epicurus
470 2110 610 2197 ὑπερέχει
634 2116 757 2185 πάσαις.

337 2228 418 2305 Quid
449 2251 528 2314 opus
558 2233 605 2294 est
643 2229 788 2314 pluribus
815 2232 852 2292 ut
875 2229 1040 2294 ostendam
1071 2229 1248 2293 Lucionum
1271 2249 1337 2292 non

292 2350 355 2414 nisi
384 2351 570 2415 summatim
602 2349 838 2436 philosophiam
861 2349 993 2434 Epicuri
1016 2353 1157 2434 tangere.
1184 2347 1217 2414 si
1242 2369 1337 2433 rogas

293 2469 369 2571 quid
408 2468 563 2555 primum,
604 2471 680 2556 quid
718 2470 909 2548 secundum,
946 2469 1023 2554 quid
1057 2468 1190 2533 tertium
1223 2469 1265 2533 sit
1299 2490 1337 2533 ex

292 2589 423 2675 Epicuri
431 2589 567 2674 placitis,
576 2589 788 2674 semperidem
798 2588 915 2654 audies:
926 2589 1131 2673 voluptatem3
1141 2586 1338 2673 etEpicurus

290 2709 374 2793 ipse,
395 2709 434 2773 dc
448 2709 536 2774 cuius
559 2711 627 2774 vita
651 2714 683 2774 ct
706 2709 848 2774 moribus
866 2709 891 2774 ii
908 2709 1025 2794 quibus
1047 2708 1222 2772 condierat
1245 2711 1283 2771 ut
1304 2707 1337 2772 id

292 2833 423 2914 agerent
445 2833 477 2893 et
500 2829 872 2924 veraproferrentlonge
896 2830 958 2893 alia
971 2828 1063 2893 nobis
1086 2829 1289 2910 rettulerunt,
1312 2829 1337 2914 2)

291 2949 375 3032 apud
405 2948 629 3013 Lucianumis
658 2948 721 3012 erit
752 2949 808 3033 qui
840 2951 954 3013 contra
978 2946 1101 3013 Stoicos
1123 2948 1218 3030 plane
1241 2947 1337 3011 nihili

291 3068 487 3154 argumentis
509 3068 681 3132 contendat
694 3134 696 3138 ,
711 3090 826 3154 nempe
854 3072 891 3132 ut
915 3090 951 3132 ea
978 3089 1012 3131 re
1035 3065 1280 3152 perstringatur,
1304 3066 1337 3129 id

292 3187 376 3271 quod
410 3186 683 3251 animadvertendi
715 3188 783 3271 jam
818 3186 943 3272 saepius
977 3185 1070 3250 nobis
1105 3185 1168 3250 fuit
1198 3185 1337 3263 occasio,

291 3305 454 3370 contentio
485 3327 566 3390 quae
596 3308 700 3369 aetate
726 3306 859 3370 Luciani
885 3304 1063 3370 intercessit
1088 3305 1174 3373 inter
1196 3305 1337 3369 diversas

292 3423 552 3509 philosophorum
572 3425 703 3490 scholas.
725 3425 753 3511 ³)
777 3423 914 3490 Videtur
936 3445 1172 3509 nonnunquam
1195 3423 1337 3489 Lucieno
1405 3414 1408 3422 ’

336 3733 359 3811 ¹)
382 3735 423 3795 cf.
457 3735 531 3794 illud
551 3737 582 3794 iu
602 3737 741 3795 Convicio
766 3729 922 3810 Ἐγέλασα
931 3728 1149 3812 Ἐπικούρειον
1163 3729 1246 3812 ἱερέα
1260 3736 1338 3811 quod

293 3844 404 3902 Stoicus
426 3843 496 3902 dicit
518 3844 553 3902 de
576 3845 721 3903 Hermone
743 3845 792 3923 qui
814 3850 873 3901 erat
896 3837 990 3918 ἱερεύς
1013 3843 1079 3899 τοῖν
1103 3836 1247 3902 ἀνάκοιν.

334 3941 359 4023 ²)
381 3948 467 4024 Diog.
492 3948 585 4007 Laert.
608 3948 671 4008 Lib.
699 3948 732 4007 X.
756 3948 869 4026 passim.

335 4047 360 4127 ³)
383 4053 495 4110 Praeter·
521 4051 581 4126 jam
609 4051 718 4129 saepius
746 4057 932 4110 memoratum
962 4056 1103 4109 certamen
1125 4051 1156 4108 in
1178 4049 1249 4108 Jove
1270 4050 1337 4107 Tra·

292 4156 384 4232 goedo
406 4155 480 4213 inter
501 4155 651 4214 Damidem
675 4163 704 4214 ct
724 4156 885 4228 Timoclen‚
925 4156 967 4215 cf.
994 4156 1090 4233 Symp.
1118 4156 1177 4213 sive
1202 4155 1337 4232 Lapithae

294 4265 325 4324 Ο.
352 4268 368 4321 9
393 4263 443 4322 ubi
465 4263 643 4322 Zenothemis
676 4267 716 4323 iia
739 4266 822 4324 dicit:
850 4264 874 4323 ei
887 4266 945 4344 γάρ
960 4284 997 4340 με
1014 4259 1156 4344 δεύτερον
1168 4258 1251 4334 ἄξεις
1267 4283 1338 4322 του-
