3408 5180
360 890 465 956 Hoeoe
495 888 700 973 opuseulum,
738 888 984 974 qualecumque,
1026 911 1093 954 non
1122 887 1295 974 perfeetum
1329 891 1362 952 et

316 1033 373 1095 pro
412 1010 533 1074 viribus
567 1010 765 1074 elaboratum
799 1031 865 1073 esse
899 1008 1061 1087 ducerem,
1095 1008 1122 1072 si
1155 1006 1289 1072 Lnoiani
1324 1006 1362 1070 de

315 1131 478 1195 rhetorum
498 1129 618 1214 judicio
641 1129 783 1212 exposito
807 1129 1008 1193 subsisterem
1032 1150 1136 1212 neque
1159 1127 1257 1192 verbo
1272 1147 1363 1190 men·

225 1265 227 1270 ’
316 1250 437 1314 tionem
467 1250 602 1313 tacerem
633 1247 672 1312 de
701 1248 772 1312 aliis
802 1248 905 1326 vitiis,
943 1246 1079 1312 Lueiani
1111 1245 1211 1311 dioaci
1242 1248 1275 1309 et
1297 1242 1363 1309 aeri

315 1367 446 1452 ingenio
468 1365 605 1444 notatis,
629 1365 794 1450 dequibus
806 1369 913 1430 autem
926 1387 1013 1430 nune
1034 1364 1154 1450 aliquid
1170 1364 1206 1428 in
1224 1363 1362 1428 medium

316 1486 455 1571 proferre
469 1485 759 1550 commodissimum
776 1485 856 1549 mihi
868 1485 970 1549 visum
986 1489 1051 1563 est,
1068 1485 1154 1569 quod
1170 1483 1222 1548 hio
1237 1503 1362 1568 qnoque

316 1605 452 1689 ineptias
482 1608 514 1669 et
536 1625 639 1689 nugas
662 1604 828 1688 plerasque
852 1602 1043 1667 offendimus
1065 1602 1191 1666 easdem
1213 1604 1309 1686 atque
1327 1599 1363 1662 in

316 1725 496 1790 rhetoribus
518 1729 586 1788 tam
611 1725 725 1789 aeriter
749 1722 1095 1810 perstrictasvidimus:
1115 1719 1362 1797 affectationem,

316 1843 445 1908 inanem
478 1843 596 1907 fastum
632 1846 728 1928 atque
752 1843 951 1926 superbiam,
987 1841 1144 1906 tumidam
1167 1840 1363 1916 vanitatem,

315 1963 450 2027 nimiam
474 1962 598 2048 ingenii
621 1962 875 2046 suiopinionem.
900 1961 991 2037 Quod
1014 1983 1114 2046 quum
1137 1960 1240 2025 dicam
1260 1958 1363 2043 primo

316 2105 369 2148 eos
387 2083 511 2166 appello
530 2082 658 2167 ineptos
681 2082 886 2146 historiarum
906 2081 1092 2166 scriptorem
1112 2080 1269 2165 judicium
1280 2079 1364 2164 quod

189 2213 191 2218 '
317 2202 355 2266 do
371 2201 417 2266 iis
441 2205 552 2266 auetor
574 2202 651 2267 tulit
673 2202 718 2266 sie
741 2202 880 2287 optime,
905 2201 1039 2286 opinor,
1059 2200 1214 2284 bipartito
1226 2199 1365 2263 dividere

316 2342 499 2405 possumus,
534 2320 561 2384 si
591 2343 664 2386 enm
692 2319 825 2385 historia
862 2320 925 2384 illis
959 2319 1147 2405 praesertim
1169 2317 1365 2402 temporibus

316 2441 474 2505 artissime
510 2444 714 2527 conjunctam
750 2463 816 2512 esse
851 2440 1079 2527 geographiam
1115 2440 1364 2506 meminerimus.

315 2560 425 2626 Primo
441 2560 476 2624 in
500 2561 693 2645 lepidissimo
716 2561 824 2627 libello
848 2571 913 2637 πῶς
938 2564 988 2629 δεῖ
1010 2564 1149 2648 ἱστορίαν
1173 2570 1363 2646 συγγράφειν

316 2678 528 2744 traducuntur
561 2680 586 2744 ii
616 2701 725 2744 omnes
757 2680 813 2764 qui
841 2680 932 2744 avide
955 2680 1104 2744 Parthico
1130 2679 1213 2744 ballo
1237 2682 1365 2761 arrepto

316 2797 484 2863 historiam
512 2801 647 2864 seribere
677 2798 819 2882 aggressi
854 2802 930 2862 sunt
966 2822 985 2863 a
1020 2821 1083 2883 qua
1115 2820 1150 2862 re
1180 2796 1365 2862 alienissimi

316 2923 426 2998 erant,
451 2920 569 3004 quippe
593 2919 708 3004 quibus
723 2919 891 3004 ingenium
908 2923 940 2983 et
957 2918 1133 2984 necessaria
1148 2917 1254 2983 studia
1270 2917 1366 3001 plane

317 3037 478 3115 deessent,
498 3038 616 3122 quique
637 3037 726 3101 inani
748 3037 833 3102 fastu
856 3041 1016 3102 tumentes
1038 3060 1071 3102 se
1089 3039 1140 3103 vel
1152 3059 1224 3103 oum
1236 3037 1364 3121 Thucy·

317 3155 387 3220 dide
410 3156 640 3239 comparandos
659 3177 724 3220 essa
743 3161 915 3222 oenserent.
940 3157 1022 3220 Tum
1035 3158 1098 3221 duo
1109 3157 1185 3222 libri
1198 3157 1364 3240 Ἀληθοῡς

319 3277 453 3360 ἱστορίας
492 3297 528 3340 eo
569 3273 701 3338 oonsilio
739 3275 916 3359 conscripti.
952 3279 1028 3340 sunt
1062 3278 1099 3339 ut
1129 3276 1366 3362 perstringatur

317 3395 478 3460 humanae
513 3398 647 3458 naturae
680 3415 803 3478 semper
837 3400 869 3459 et
900 3396 1019 3481 ubique
1049 3417 1219 3462 commune
1248 3395 1365 3461 vitium

319 3519 356 3579 nt
392 3537 478 3580 nune
516 3519 579 3594 est,
619 3537 685 3579 non
723 3518 789 3579 tam
829 3516 913 3600 apud
952 3521 1109 3582 nostrates
1149 3539 1246 3602 quam
1280 3517 1365 3602 apud

318 3636 472 3699 finitimos
506 3633 754 3700 Franco-Gallos
785 3636 950 3720 cognitum
977 3641 1010 3701 et
1032 3636 1256 3722 vulgarissimo
1290 3659 1365 3721 pro-

318 3753 426 3818 verbio
457 3758 622 3818 notatum:
660 3753 715 3818 «A
745 3754 827 3818 beau
860 3755 977 3818 mentir
1003 3754 1059 3840 qui
1082 3756 1173 3820 vient
1204 3755 1243 3820 de
1265 3755 1360 3821 loins

319 3873 526 3959 Exponamus
558 3878 664 3938 autem
702 3897 751 3939 res
783 3896 839 3938 suo
870 3872 989 3937 ordine.
1030 3873 1107 3938 Fuit
1137 3896 1173 3938 eo
1206 3879 1365 3956 tempore,

318 3993 339 4057 i.
372 4017 397 4058 e.
430 3994 609 4077 imperante
640 3991 683 4056 hl.
717 3992 848 4058 Aurelio
877 3993 1045 4057 Antonino
1084 3994 1191 4059 adhue'
1222 4014 1294 4057 oum
1329 3992 1364 4056 L.

319 4111 420 4194 Vero,
445 4113 544 4176 etiam
566 4111 754 4179 Parthicum
782 4112 919 4200 bellum,
946 4114 1031 4198 quod
1056 4112 1248 4198 Vologersus
1271 4133 1365 4196 para-

319 4233 388 4292 tum
422 4231 481 4294 sub
516 4229 594 4308 Pio,
634 4230 736 4296 Maroi
767 4235 809 4310 et¹
829 4229 906 4295 Veri
928 4237 1071 4318 tempore
1093 4231 1229 4308 indixit,
1256 4230 1366 4318 fugato
