3408 5180
742 551 783 618 99

241 774 348 860 inquit
363 775 499 839 admone
511 771 647 840 Graecos
670 773 879 859 gloriosarum
903 793 1011 837 rerum
1031 775 1193 857 gestarum
1211 793 1290 857 quas

243 897 378 981 majores
392 899 672 981 perpetraverunt:
690 893 889 959 Marathonis
906 898 938 958 et
953 893 1111 958 Leonidae
1127 900 1160 958 et
1174 894 1289 959 Xerxis

240 1015 352 1100 fugae,
388 1018 438 1080 ἐπὶ
474 1025 549 1080 πᾶσι
584 1015 612 1080 d'
643 1016 856 1100 όΜαραθὼν
881 1017 975 1078 καὶὸ
1006 1015 1216 1101 Κυνέγειρος,
1241 1003 1287 1082 ὧν

241 1137 296 1201 οὐκ
319 1140 360 1201 ἂν
385 1161 414 1200 τι
438 1141 515 1203 ἄνευ
539 1137 662 1215 γένοιτο
687 1139 740 1200 καὶ
762 1137 811 1200 oiri
834 1137 852 1199 o‘
874 1134 994 1208 ’Ἄθως
1018 1134 1168 1212 πλείσθω,
1194 1137 1246 1199 καὶ
1270 1135 1288 1199 o‘

239 1254 470 1337 Ἑλλήσποντος
501 1257 680 1333 πεζευέσθω
710 1258 762 1320 καὶ
787 1259 805 1320 o‘
833 1253 918 1336 ἣλιος
948 1259 1008 1320 ὑπὸ
1040 1264 1103 1322 τῶν
1127 1256 1286 1339 Μηδικῶν

240 1374 341 1462 βελῶν
365 1377 526 1442 σκεπέσθω
542 1377 731 1461 καὶἙέρξης
747 1375 885 1456 φευγέτω
902 1380 966 1439 κτὲ.
983 1375 1031 1438 Eo
1047 1375 1147 1458 igitur
1159 1374 1287 1438 devenit

240 1495 274 1559 in
297 1496 456 1582 decrepita
480 1497 612 1562 Graecia
642 1496 824 1580 eloquentia
855 1500 887 1559 et
917 1493 1042 1560 dicendi
1073 1495 1220 1559 materies
1249 1497 1287 1558 ut

238 1615 350 1680 inanes
373 1621 405 1680 et
435 1617 600 1700 depravati
630 1617 748 1700 posteri
780 1617 937 1700 majorum
966 1600 1060 1679 fortia
1083 1614 1168 1679 faeta
1193 1635 1283 1700 mag·

241 1757 363 1800 uacum
377 1737 519 1802 vanitate
531 1743 563 1801 et
575 1737 710 1820 strepitu
721 1735 890 1807 verborum
903 1733 1026 1818 prolata
1039 1733 1284 1811 admirarentur,

240 1856 313 1919 dum
334 1855 395 1939 ipsi
408 1857 499 1940 gravi
512 1865 543 1921 et
560 1879 668 1921 severa
683 1853 902 1919 dominatione
922 1853 1045 1918 subacti
1060 1875 1102 1917 ne
1117 1853 1282 1917 tantillum

238 1977 364 2061 quidem
388 1976 508 2042 efficere
532 1982 669 2062 possent.
689 1979 746 2052 Τίς
770 1976 879 2062 πατέρ’
905 1980 1022 2058 αἲνήσει
1039 1982 1060 2058 ἤ
1075 1981 1116 2058 μὴ
1134 1976 1283 2041 κακοδαί-

236 2121 328 2177 μονες
350 2098 435 2177 νὶοί,·
451 2097 501 2161 Ne
528 2099 610 2162 forte
634 2101 666 2161 te
689 2097 815 2161 deficiat
841 2097 895 2160 illa
923 2097 1087 2173 materiae,
1111 2096 1161 2160 sio
1178 2095 1284 2180 pergit

172 2213 175 2223 '
237 2217 473 2280 adulescentulo
497 2216 668 2280 eonsilium
684 2217 759 2280 dare
775 2217 839 2282 dat
863 2222 929 2283 τῶν
945 2215 1097 2284 Ἰλιακῶν
1113 2217 1286 2300 ἀρξάμενος.

237 2340 258 2418 ἤ
280 2337 332 2399 καὶ
357 2342 394 2417 νὴ
420 2337 483 2402 Δία
506 2338 568 2400 ἀπὸ
592 2342 656 2402 τῶν
688 2335 908 2411 Δευκαλίωνος
932 2340 984 2401 καὶ
1008 2339 1135 2420 Hadriae
1159 2344 1280 2420 γάμων,

237 2462 276 2538 ἤν
300 2457 386 2541 δοκῇ,
410 2458 606 2544 καταβίβαζε
630 2457 685 2523 τιν
710 2458 804 2537 λόγον
830 2460 880 2522 ἐπὶ
906 2471 944 2522 τὰ
968 2464 1025 2524 νῦν
1049 2465 1235 2522 καθεστῶτα
1251 2461 1283 2520 et

237 2575 270 2638 id
294 2598 394 2640 unum
425 2576 532 2640 sedulo
564 2598 640 2640 eura
660 2599 700 2640 ne
728 2577 808 2641 alter
830 2580 862 2640 te
886 2576 1110 2652 disertiorem,
1136 2597 1234 2659 quare
1257 2574 1284 2638 si

237 2694 318 2758 alius
348 2695 518 2780 quisquam
549 2696 589 2759 ad
620 2696 788 2760 dicendum
819 2696 869 2761 vel
892 2695 1134 2760 declamandum
1157 2694 1282 2777 prodit,

236 2814 319 2878 hano
341 2837 439 2878 unam
463 2815 620 2879 rationem
644 2816 761 2900 agendi
783 2816 843 2879 tibi
866 2815 982 2880 habeto
1005 2819 1158 2881 ἁπάντων
1184 2841 1281 2878 κατα-

237 2932 314 3013 γέλα
326 2941 391 2999 τῶν
416 2934 580 3018 λεγόντων,
594 2939 626 2998 et
648 2936 674 2999 si
686 2936 757 3019 quis
781 2935 862 3000 bene
885 2936 1001 2999 alluerit
1024 2935 1127 2998 aliena
1143 2957 1209 2999 non
1226 2957 1283 2998 sua

237 3053 375 3136 prolerre
406 3054 560 3118 videatur.
592 3052 680 3117 Neve
703 3054 785 3118 forte
816 3057 907 3137 putes
932 3058 999 3118 tam
1023 3075 1120 3139 grave
1146 3053 1283 3118 rhetoris

238 3194 355 3236 munus
367 3176 399 3236 te
411 3173 610 3258 obstringere
618 3173 806 3236 necessitate
814 3173 975 3237 moderate
984 3177 1016 3237 et
1028 3173 1131 3238 sobrie
1143 3173 1282 3249 vivendi,

237 3289 272 3353 in
294 3291 419 3376 privato
450 3292 511 3356 tibi
534 3293 576 3357 sit
599 3292 797 3376 propositum
828 3293 999 3358 aleatorem
1023 3314 1105 3375 esse,
1130 3291 1283 3356 inebriari

238 3413 270 3472 et
290 3409 448 3474 moechari
464 3414 521 3474 aut
539 3410 669 3496 gloriari
681 3415 765 3476 eerte
784 3411 811 3474 ai
823 3432 888 3475 non
907 3413 1017 3476 feceris
1030 3411 1083 3476 aod
1103 3402 1292 3503 γραμμάτια

238 3529 450 3597 ἐπιδεικνύναι
482 3533 728 3610 endromade
760 3531 858 3612 δῆθεν
883 3532 1054 3618 γραφέντα,
1087 3571 1125 3580 -
1162 3529 1283 3616 Quibus

238 3649 265 3712 si
292 3650 384 3714 dietis
413 3671 575 3728 moveare,
594 3650 682 3715 brevi
706 3651 828 3716 celeber
855 3657 887 3716 et
916 3654 1104 3737 conspicuus
1131 3651 1187 3715 fios
1214 3655 1285 3714 eta

237 3767 444 3834 multitudine
466 3770 548 3834 bene
571 3769 686 3835 audies.
715 3772 737 3856 ἰ)

238 3965 445 3976 —a———n

251 4021 257 4034 f
281 4041 303 4118 ¹)
326 4046 427 4102 Parum
443 4049 492 4102 aut
506 4043 579 4102 nihil
590 4044 708 4114 attinet,
726 4041 824 4112 oredo,
842 4059 975 4119 quaerere
998 4062 1035 4100 an
1057 4042 1131 4102 forte
1143 4041 1286 4100 Lucienus

224 4148 267 4206 ,in
290 4148 445 4206 Rhetorum
468 4144 646 4226 praeceptore
668 4148 791 4226 aliquem
814 4146 952 4204 rhetorem
983 4165 1050 4222 prae
1072 4147 1137 4206 eliis
1167 4146 1233 4202 odio
1260 4149 1287 4201 et

237 4253 344 4311 facetiis
374 4257 536 4330 persecutus
563 4254 614 4322 ait3
643 4258 710 4310 sunt
738 4250 788 4330 qui
816 4250 868 4308 sub
901 4250 968 4316 mali
998 4258 1026 4308 et
1048 4250 1141 4310 inflati
1169 4248 1288 4307 rhetoris
