3372 5180
789 519 831 584 39

286 740 414 820 excepto
427 736 559 814 Galenu,
572 737 628 822 qui
637 736 956 802 honorificentissime
965 739 989 822 1)
1003 737 1041 801 de
1054 758 1162 802 eorum
1175 738 1327 817 moribus,

287 855 484 922 continentia
514 857 705 941 virtutisque
728 858 832 921 studio
855 858 978 922 locutus
1008 862 1073 940 cst,
1109 880 1329 942 comparemus

288 999 358 1042 cum
388 975 521 1041 Luciani
553 977 590 1040 de
622 974 813 1040 Christianis
838 975 959 1061 jndicio
988 998 1054 1040 uon
1079 977 1232 1063 estquod
1255 998 1328 1040 eum

286 1097 403 1161 nimiae
434 1096 616 1161 acerbitatis
646 1097 681 1160 in
713 1119 751 1161 ea
781 1119 815 1160 re
849 1097 1039 1161 incusemus.
1074 1073 1211 1162 Fallitur
1245 1099 1329 1160 certe

284 1220 324 1287 >ut
353 1238 464 1281 omnes
491 1217 546 1300 qui
574 1218 730 1280 damnant
758 1221 790 1280 et
816 1206 966 1301 rejiciunt
997 1239 1032 1280 ea
1056 1239 1136 1302 quae
1158 1216 1329 1301 ignorant,

287 1359 389 1423 neque
404 1336 473 1413 ille,
497 1358 599 1420 neque
622 1336 677 1399 alii
700 1337 816 1421 quibus
839 1336 925 1429 cordi
949 1339 1017 1400 erat
1038 1336 1148 1400 rodere
1175 1339 1231 1399 aut
1253 1356 1329 1400 con·

287 1460 428 1520 temnere
446 1454 661 1534 Christianos,
685 1455 803 1541 quique
826 1455 936 1520 bestiis
963 1477 1015 1519 ecs
1039 1455 1135 1539 objici
1154 1454 1329 1540 jubebant,

288 1575 395 1640 animo
426 1576 487 1640 sibi
506 1576 637 1661 'fingere
667 1579 817 1660 poterant
850 1576 934 1640 hanc
956 1575 1023 1639 iore
1047 1575 1226 1640 doctrinam
1249 1596 1330 1660 quae

288 1716 381 1757 omne
411 1695 497 1758 istud
525 1716 661 1759 vacuum
686 1697 781 1779 atque
803 1694 960 1759 incertum
985 1716 1023 1758 ex
1049 1693 1166 1758 animis
1189 1695 1330 1771 erueret,
1417 1675 1420 1687 ¹

288 1813 491 1898 superiorque
529 1813 701 1878 discederet
739 1835 778 1877 ex
811 1813 936 1898 ingenti
960 1813 1132 1877 certamine
1155 1813 1277 1876 rituum
1300 1815 1332 1876 et

287 1937 463 2012 sectarum,
509 1933 604 2017 hujus
649 1933 715 1997 fore
760 1934 845 2018 leges
886 1956 966 2018 quae
1005 1933 1260 2016 insculperentur
1296 1932 1332 1996 in

287 2051 383 2116 litura
428 2052 556 2116 tabulae
597 2075 717 2119 vacuae
754 2052 882 2117 relictae
922 2054 963 2117 ab
1005 2053 1138 2137 antiquo
1176 2047 1282 2130 cultu,
1307 2049 1332 2137 Ι)

289 2149 385 2256 qnam
426 2171 534 2236 variae
574 2173 837 2257 philosophorum
876 2176 978 2236 sectae
1013 2178 1110 2256 atque
1147 2171 1334 2255 disciplinae

289 2289 404 2354 frustra
426 2290 491 2354 suis
514 2290 665 2375 cuiusque
690 2290 814 2375 legibus
839 2295 871 2355 et
894 2291 1019 2374 placitis
1042 2292 1174 2375 implere
1198 2295 1332 2355 conatae

289 2413 401 2475 essent.

333 2525 517 2610 Antequam
555 2529 593 2591 ad
619 2529 790 2592 secundam
812 2533 937 2612 partem
961 2528 1107 2593 accedam
1129 2549 1179 2592 res
1207 2549 1334 2612 poscere

288 2645 413 2709 videtur
440 2651 478 2710 ut
504 2647 626 2730 jndicio
657 2646 791 2711 Luciani
819 2653 991 2732 utcumque
1015 2648 1156 2731 exposito
1180 2649 1218 2711 de
1240 2647 1334 2710 rebus

288 2764 384 2828 sacris
408 2770 503 2850 atque
526 2766 644 2830 divinis
667 2746 840 2851 quidinde
865 2767 971 2851 colligi
995 2767 1112 2850 possit,
1144 2788 1335 2850 quaeramus

288 2888 321 2948 et
350 2883 462 2948 Nostri
480 2886 634 2969 judicium
663 2885 862 2949 conferamus
888 2907 960 2952 cum
984 2886 1119 2950 aliorum
1143 2885 1333 2971 aequalium.

289 3004 435 3068 Vidimus
457 3005 634 3069 Lucienum
658 3006 753 3068 semel
777 3009 872 3090 atque
895 3007 1012 3069 iterum
1036 3004 1189 3070 acerrime
1206 3003 1355 3089 impug?

290 3126 420 3186 nantem
444 3124 611 3207 antiquum
635 3122 765 3186 deornm
789 3124 928 3198 cultum,
958 3125 1154 3205 deridentem
1174 3123 1336 3188 hominem

199 3267 202 3271 ¹
289 3239 525 3304 fraudulentum
550 3243 623 3328 (τὸν,
638 3242 879 3325 ψευδόμαντιν),
901 3246 1156 3306 contemnentem
1182 3241 1336 3328 quidquid

293 3362 339 3421 est
357 3360 738 3445 rituum'peregrinorum
760 3361 863 3445 qualis
883 3366 952 3425 erat
975 3363 1119 3426 doctrina
1143 3360 1337 3426 Christiana.

292 3475 387 3542 Nunc
408 3477 569 3543 videamus
593 3500 650 3542 cnr
672 3479 710 3542 de
734 3501 861 3563 quaque
882 3502 916 3544 re
936 3481 982 3545 ita
1002 3478 1154 3559 senserit,
1180 3500 1339 3564 quamque

293 3730 497 3738 --———-.

334 3905 357 3980 1)
380 3906 421 3964 Cf.
445 3895 679 3973 Ferentinum,
703 3907 922 3982 Darstellungen
946 3929 974 3968 u.
998 3927 1020 3966 s.
1046 3929 1080 3966 w.
1104 3905 1170 3980 III,
1197 3910 1266 3966 522.

334 4009 357 4084 2)
380 4010 421 4068 cf.
446 4011 568 4066 Gaurum
592 4010 666 4086 apud
685 4010 891 4079 Burrunanr,
915 4011 1072 4069 Gruudriss
1084 4009 1345 4070 de1·G1·iechischen

291 4114 457 4183 Litteratur,
480 4114 512 4183 Ι,
541 4117 616 4170 596:
642 4113 691 4170 das
714 4115 814 4170 Zweitc
837 4114 1029 4174 Jahrhundert
1052 4117 1090 4172 ist
1112 4115 1163 4173 das
1186 4113 1349 4170 leereBlatt

290 4219 425 4277 zwischen
448 4219 515 4275 zwei
540 4217 708 4276 Weltaltern
731 4219 799 4277 oder
821 4220 891 4277 nwei
914 4220 1057 4299 positiven
1080 4219 1261 4298 Religionem.
